% Encoding: UTF-8
﻿
@article{Hill1980,
author = { R. D.  Hill  and  R. G.  Rinker  and  H. Dale  Wilson },
title = {Atmospheric Nitrogen Fixation by Lightning},
journal = {Journal of the Atmospheric Sciences},
volume = {37},
number = {1},
pages = {179-192},
year = {1980},
}
,
    abstract = { Abstract The production Of nitrogen oxides (NO and NO2) by lightning flashes has been computed from a model of gaseous molecular reactions occurring as heated lightning-channel air cools by mixing with surrounding ambient air. The effect of ozone (O3) on the production of nitrogen oxides has also been investigated in this model and it has been found that the O3 oxidizes NO to NO2 mainly at the end of the cooling process. The maximum total global production rate of nitrogen oxides by lightning is estimated to be ∼6×1027 molecules per second, or 14.4×106 tonnes of NO2, per year. }
}

@article{xu_2019,
  title={Global ammonia emissions from synthetic nitrogen fertilizer applications in agricultural systems: Empirical and process-based estimates and uncertainty},
  author={Xu, Rongting and Tian, Hanqin and Pan, Shufen and Prior, Stephen A and Feng, Yucheng and Batchelor, William D and Chen, Jian and Yang, Jia},
  journal={Global change biology},
  volume={25},
  number={1},
  pages={314--326},
  year={2019},
  publisher={Wiley Online Library}
}

@article{ravishankara_2009,
  title={Nitrous oxide (N2O): the dominant ozone-depleting substance emitted in the 21st century},
  author={Ravishankara, AR and Daniel, John S and Portmann, Robert W},
  journal={science},
  volume={326},
  number={5949},
  pages={123--125},
  year={2009},
  publisher={American Association for the Advancement of Science}
}



@article{stein2016nitrogen,
  title={The nitrogen cycle},
  author={Stein, Lisa Y and Klotz, Martin G},
  journal={Current Biology},
  volume={26},
  number={3},
  pages={R94--R98},
  year={2016},
  publisher={Elsevier}
}
@article{zhu2012hydrothermal,
  title={Hydrothermal synthesis of hematite nanoparticles and their electrochemical properties},
  author={Zhu, Maiyong and Wang, Ying and Meng, Dehai and Qin, Xingzhang and Diao, Guowang},
  journal={The Journal of Physical Chemistry C},
  volume={116},
  number={30},
  pages={16276--16285},
  year={2012},
  publisher={ACS Publications}
}
@article{macwan2011review,
  title={A review on nano-{TiO2} sol--gel type syntheses and its applications},
  author={Macwan, DP and Dave, Pragnesh N and Chaturvedi, Shalini},
  journal={Journal of Materials Science},
  volume={46},
  number={11},
  pages={3669--3686},
  year={2011},
  publisher={Springer}
}
@article{yu2003effect,
  title={The effect of calcination temperature on the surface microstructure and photocatalytic activity of {TiO2} thin films prepared by liquid phase deposition},
  author={Yu, Jia-Guo and Yu, Huo-Gen and Cheng, Bei and Zhao, Xiu-Jian and Yu, Jimmy C and Ho, Wing-Kei},
  journal={The Journal of Physical Chemistry B},
  volume={107},
  number={50},
  pages={13871--13879},
  year={2003},
  publisher={ACS Publications}
}
@article{doane2003spectrophotometric,
  title={Spectrophotometric determination of nitrate with a single reagent},
  author={Doane, Timothy A and Horw{\'a}th, William R},
  journal={Analytical Letters},
  volume={36},
  number={12},
  pages={2713--2722},
  year={2003},
  publisher={Taylor \& Francis}
}
@article{o1993epa,
  title={EPA Method 350.1 Determination of Ammonia Nitrogen by Semi-Automated Colorimetry},
  author={O’Dell, JW},
  journal={US Environmental Protection Agency, Cincinnati, Ohio},
  year={1993}
}

@article{zhao2017coupled,
  title={Coupled dynamics of iron and iron-bound organic carbon in forest soils during anaerobic reduction},
  author={Zhao, Qian and Adhikari, Dinesh and Huang, Rixiang and Patel, Aman and Wang, Xilong and Tang, Yuanzhi and Obrist, Daniel and Roden, Eric E and Yang, Yu},
  journal={Chemical Geology},
  volume={464},
  pages={118--126},
  year={2017},
  publisher={Elsevier}
}
@article{zhang2017combined,
  title={A combined heat and power driven membrane capacitive deionization system},
  author={Zhang, Jiankai and Hatzell, Kelsey B and Hatzell, Marta},
  journal={Environmental Science \& Technology Letters},
  year={2017},
  publisher={ACS Publications}
}

@article{2017Hatzell,
  title={Blue Refrigeration: Electrochemical Separations for Water Deionization},
  author={Hatzell, Marta C. and Hatzell, Kelsey B. },
  journal={ ASME. J. Electrochem. En. Conv. Stor.},
  year={2017},
  publisher={ASME}
}
@article{huang2016evolution,
  title={Evolution of phosphorus complexation and mineralogy during (hydro) thermal treatments of activated and anaerobically digested sludge: Insights from sequential extraction and P K-edge XANES},
  author={Huang, Rixiang and Tang, Yuanzhi},
  journal={Water research},
  volume={100},
  pages={439--447},
  year={2016},
  publisher={Elsevier}
}
@article{huang2017transformation,
  title={Transformation of Phosphorus during (Hydro) thermal Treatments of Solid Biowastes: Reaction Mechanisms and Implications for P Reclamation and Recycling},
  author={Huang, Rixiang and Fang, Ci and Lu, Xiaowei and Jiang, Rongfeng and Tang, Yuanzhi},
  journal={Environmental Science \& Technology},
  volume={51},
  number={18},
  pages={10284--10298},
  year={2017},
  publisher={ACS Publications}
}
@article{wan2017effects,
  title={Effects of polyphosphates and orthophosphate on the dissolution and transformation of ZnO nanoparticles},
  author={Wan, Biao and Yan, Yupeng and Tang, Yuanzhi and Bai, Yuge and Liu, Fan and Tan, Wenfeng and Huang, Qiaoyun and Feng, Xionghan},
  journal={Chemosphere},
  volume={176},
  pages={255--265},
  year={2017},
  publisher={Elsevier}
}

@article{music1997chemical,
  title={Chemical and micro structural properties of {TiO2} synthesized by sol-gel procedure},
  author={Musi{\'c}, Svetozar and Goti{\'c}, Marijan and Ivanda, Mile and Popovi{\'c}, Stanko and Turkovi{\'c}, Aleksandra and Trojko, Rudolf and Sekuli{\'c}, Andreja and Furi{\'c}, Kre{\v{s}}imir},
  journal={Materials Science and Engineering: B},
  volume={47},
  number={1},
  pages={33--40},
  year={1997},
  publisher={Elsevier}
}
@article{xu2017phosphate,
  title={Phosphate removal using aluminum-doped magnetic nanoparticles},
  author={Xu, Jie and Luu, Letitia and Tang, Yuanzhi},
  journal={Desalination and water treatment},
  volume={58},
  year={2017}
}
@article{huang2017probing,
  title={Probing the interactions of organic molecules, nanomaterials, and microbes with solid surfaces using quartz crystal microbalances: methodology, advantages, and limitations},
  author={Huang, Rixiang and Yi, Peng and Tang, Yuanzhi},
  journal={Environmental Science: Processes \& Impacts},
  year={2017},
  publisher={Royal Society of Chemistry}
}
@article{ginn2017rapid,
  title={Rapid Iron Reduction Rates Are Stimulated by High-Amplitude Redox Fluctuations in a Tropical Forest Soil},
  author={Ginn, Brian and Meile, Christof and Wilmoth, Jared and Tang, Yuanzhi and Thompson, Aaron},
  journal={Environmental Science \& Technology},
  volume={51},
  number={6},
  pages={3250--3259},
  year={2017},
  publisher={ACS Publications}
}

@article{jing2004synthesis,
  title={Synthesis and characterization of monodisperse hematite nanoparticles modified by surfactants via hydrothermal approach},
  author={Jing, Zhihong and Wu, Shihua},
  journal={Materials Letters},
  volume={58},
  number={27},
  pages={3637--3640},
  year={2004},
  publisher={Elsevier}
}

@article{Henderson_2003,
	doi = {10.1021/jp0262113},
	url = {http://dx.doi.org/10.1021/jp0262113},
	year = 2003,
	month = {jan},
	publisher = {American Chemical Society ({ACS})},
	volume = {107},
	number = {2},
	pages = {534--545},
	author = {Michael A. Henderson and William S. Epling and Charles H. F. Peden and Craig L. Perkins},
	title = { Insights into Photoexcited Electron Scavenging Processes on {TiO} 2 Obtained from Studies of the Reaction of O 2 with {OH} Groups Adsorbed at Electronic Defects on {TiO} 2 (110) },
	journal = {The Journal of Physical Chemistry B}
}
@article{blyholder1971photocatalytic,
  title={Photocatalytic reactions on semiconductor surfaces. I. Decomposition of nitrous oxide on zinc oxide},
  author={Blyholder, George and Tanaka, Kenichi},
  journal={The Journal of Physical Chemistry},
  volume={75},
  number={8},
  pages={1037--1043},
  year={1971},
  publisher={ACS Publications}
}

@article{cunningham1971reactions,
  title={Reactions involving electron transfer at semiconductor surfaces. II. Photoassisted dissociation of nitrous oxide over illuminated ferric oxide and zinc oxides},
  author={Cunningham, Joseph and Kelly, John J and Penny, AL},
  journal={The Journal of Physical Chemistry},
  volume={75},
  number={5},
  pages={617--625},
  year={1971},
  publisher={ACS Publications}
}

@article{kebede2013photooxidation,
  title={Photooxidation of Ammonia on {TiO2} as a Source of {NO} and {NO2} under Atmospheric Conditions},
  author={Kebede, Mulu A and Varner, Mychel E and Scharko, Nicole K and Gerber, R Benny and Raff, Jonathan D},
  journal={Journal of the American Chemical Society},
  volume={135},
  number={23},
  pages={8606--8615},
  year={2013},
  publisher={ACS Publications}
}

@article{doane2017abiotic,
  title={The Abiotic Nitrogen Cycle},
  author={Doane, Timothy A},
  journal={ACS Earth and Space Chemistry},
  volume={1},
  number={7},
  pages={411--421},
  year={2017},
  publisher={ACS Publications}
}
@article{mclean1965reactions,
  title={Reactions on titanium dioxide: The photo-oxidation of ammonia},
  author={McLean, WR and Ritchie, M},
  journal={Journal of Chemical Technology and Biotechnology},
  volume={15},
  number={10},
  pages={452--460},
  year={1965},
  publisher={Wiley Online Library}
}
@article{kebede2013photooxidation,
  title={Photooxidation of Ammonia on TiO2 as a Source of NO and NO2 under Atmospheric Conditions},
  author={Kebede, Mulu A and Varner, Mychel E and Scharko, Nicole K and Gerber, R Benny and Raff, Jonathan D},
  journal={Journal of the American Chemical Society},
  volume={135},
  number={23},
  pages={8606--8615},
  year={2013},
  publisher={ACS Publications}
}
@article{kebede2013formation,
  title={Formation of nitrous acid during ammonia photooxidation on {TiO2} under atmospherically relevant conditions},
  author={Kebede, Mulu A and Scharko, Nicole K and Appelt, Laura E and Raff, Jonathan D},
  journal={The Journal of Physical Chemistry Letters},
  volume={4},
  number={16},
  pages={2618--2623},
  year={2013},
  publisher={ACS Publications}
}

@article{Choi_1994,
	title = {The Role of Metal Ion Dopants in Quantum-Sized {TiO}2: Correlation between Photoreactivity and Charge Carrier Recombination Dynamics},
    author = {Wonyong Choi and Andreas Termin and Michael R. Hoffmann},
	journal = {The Journal of Physical Chemistry},
    year = 1994,
	month = {dec},
	publisher = {American Chemical Society ({ACS})},
	volume = {98},
	number = {51},
	pages = {13669--13679}
	
}

@article{raming2002synthesis,
  title={The synthesis and magnetic properties of nanosized hematite ($\alpha$-Fe2O3) particles},
  author={Raming, TP and Winnubst, Aloysius JA and van Kats, 1C M and Philipse, AP},
  journal={Journal of Colloid and Interface Science},
  volume={249},
  number={2},
  pages={346--350},
  year={2002},
  publisher={Elsevier}
}

@article{Serpone_1995,
	doi = {10.1021/j100045a026},
	url = {http://dx.doi.org/10.1021/j100045a026},
	year = 1995,
	month = {nov},
	publisher = {American Chemical Society ({ACS})},
	volume = {99},
	number = {45},
	pages = {16646--16654},
	author = {N. Serpone and D. Lawless and R. Khairutdinov},
	title = {Size Effects on the Photophysical Properties of Colloidal Anatase {TiO}2 Particles: Size Quantization versus Direct Transitions in This Indirect Semiconductor?},
	journal = {The Journal of Physical Chemistry}
}

@article{Foo_2016,
	doi = {10.1002/cssc.201600809},
	url = {http://dx.doi.org/10.1002/cssc.201600809},
	year = 2016,
	month = {aug},
	publisher = {Wiley-Blackwell},
	author = {Guo Shiou Foo and Jason J. Lee and Chia-Hsin Chen and Sophia E. Hayes and Carsten Sievers and Christopher W. Jones},
	title = {Elucidation of Surface Species through in{\hspace{0.25em}}Situ {FTIR} Spectroscopy of Carbon Dioxide Adsorption on Amine-Grafted {SBA}-15},
	journal = {{ChemSusChem}}
}

@article{Norskov_2004,
	doi = {10.1021/jp047349j},
	url = {http://dx.doi.org/10.1021/jp047349j},
	year = 2004,
	month = {nov},
	publisher = {American Chemical Society ({ACS})},
	volume = {108},
	number = {46},
	pages = {17886--17892},
	author = {J. K. N{\o}rskov and J. Rossmeisl and A. Logadottir and L. Lindqvist and J. R. Kitchin and T. Bligaard and H. J{\'{o}}nsson},
	title = {Origin of the Overpotential for Oxygen Reduction at a Fuel-Cell Cathode},
	journal = {The Journal of Physical Chemistry B}
}

@article{Peterson_2010,
	doi = {10.1039/c0ee00071j},
	url = {http://dx.doi.org/10.1039/c0ee00071j},
	year = 2010,
	publisher = {Royal Society of Chemistry ({RSC})},
	volume = {3},
	number = {9},
	pages = {1311},
	author = {Andrew A. Peterson and Frank Abild-Pedersen and Felix Studt and Jan Rossmeisl and Jens K. N{\o}rskov},
	title = {How copper catalyzes the electroreduction of carbon dioxide into hydrocarbon fuels},
	journal = {Energy {\&} Environmental Science}
}

@article{Montoya_2015,
	doi = {10.1002/cssc.201500322},
	url = {http://dx.doi.org/10.1002/cssc.201500322},
	year = 2015,
	month = {jun},
	publisher = {Wiley-Blackwell},
	volume = {8},
	number = {13},
	pages = {2180--2186},
	author = {Joseph H. Montoya and Charlie Tsai and Aleksandra Vojvodic and Jens K. N{\o}rskov},
	title = {The Challenge of Electrochemical Ammonia Synthesis: A New Perspective on the Role of Nitrogen Scaling Relations},
	journal = {{ChemSusChem}}
}

@article{Crumlin_2013,
	doi = {10.1016/j.elspec.2013.03.002},
	url = {http://dx.doi.org/10.1016/j.elspec.2013.03.002},
	year = 2013,
	month = {oct},
	publisher = {Elsevier {BV}},
	volume = {190},
	pages = {84--92},
	author = {Ethan J. Crumlin and Hendrik Bluhm and Zhi Liu},
	title = {In situ investigation of electrochemical devices using ambient pressure photoelectron spectroscopy},
	journal = {Journal of Electron Spectroscopy and Related Phenomena}
}

@article{Axnanda_2015,
	doi = {10.1038/srep09788},
	url = {http://dx.doi.org/10.1038/srep09788},
	year = 2015,
	month = {may},
	publisher = {Nature Publishing Group},
	volume = {5},
	pages = {9788},
	author = {Stephanus Axnanda and Ethan J. Crumlin and Baohua Mao and Sana Rani and Rui Chang and Patrik G. Karlsson and M{\aa}rten O. M. Edwards and M{\aa}ns Lundqvist and Robert Moberg and Phil Ross and Zahid Hussain and Zhi Liu},
	title = {Using {\textquotedblleft}Tender{\textquotedblright} X-ray Ambient Pressure X-Ray Photoelectron Spectroscopy as A Direct Probe of Solid-Liquid Interface},
	journal = {Sci. Rep.}
}

@article{Noren_1991,
	doi = {10.1021/bi00230a020},
	url = {http://dx.doi.org/10.1021/bi00230a020},
	year = 1991,
	month = {apr},
	publisher = {American Chemical Society ({ACS})},
	volume = {30},
	number = {16},
	pages = {3943--3950},
	author = {George H. Noren and Renee J. Boerner and Bridgette A. Barry},
	title = {{EPR} characterization of an oxygen-evolving photosystem {II} preparation from the transformable cyanobacterium Synechocystis 6803},
	journal = {Biochemistry}
}

@article{Hirakawa_2017,
	doi = {10.1021/jacs.7b06634},
	url = {https://doi.org/10.1021%2Fjacs.7b06634},
	year = 2017,
	month = {jul},
	publisher = {American Chemical Society ({ACS})},
	volume = {139},
	number = {31},
	pages = {10929--10936},
	author = {Hiroaki Hirakawa and Masaki Hashimoto and Yasuhiro Shiraishi and Takayuki Hirai},
	title = {Photocatalytic Conversion of Nitrogen to Ammonia with Water on Surface Oxygen Vacancies of Titanium Dioxide},
	journal = {Journal of the American Chemical Society}
}

@article{Barry_2014,
	doi = {10.1038/nchem.1936},
	url = {http://dx.doi.org/10.1038/nchem.1936},
	year = 2014,
	month = {apr},
	publisher = {Nature Publishing Group},
	volume = {6},
	number = {5},
	pages = {376--377},
	author = {Bridgette A. Barry},
	title = {Proton-coupled electron transfer: Free radicals under control},
	journal = {Nature Chemistry}
}

@article{Grigoriev_2016,
	doi = {10.1080/08927022.2016.1218488},
	url = {http://dx.doi.org/10.1080/08927022.2016.1218488},
	year = 2016,
	month = {sep},
	publisher = {Informa {UK} Limited},
	pages = {1--7},
	author = {F. V. Grigoriev and V. B. Sulimov},
	title = {Simple combined explicit/implicit water model},
	journal = {Molecular Simulation}
}

@inproceedings{Jonsson_1998,
	doi = {10.1142/9789812839664_0016},
	url = {http://dx.doi.org/10.1142/9789812839664_0016},
	year = 1998,
	month = {jun},
	publisher = {World Scientific Pub Co Pte Lt},
	author = {Hannes J{\'{o}}nsson and Greg Mills and Karsten W. Jacobsen},
	title = {Nudged elastic band method for finding minimum energy paths of transitions},
	booktitle = {Classical and Quantum Dynamics in Condensed Phase Simulations}
}

@article{Gilbert_2012,
	doi = {10.1038/483525a},
	url = {http://dx.doi.org/10.1038/483525a},
	year = 2012,
	month = {mar},
	publisher = {Springer Nature},
	volume = {483},
	number = {7391},
	pages = {525--527},
	author = {Natasha Gilbert},
	title = {African agriculture: Dirt poor},
	journal = {Nature}
}

@article{MacDonald_1992,
	doi = {10.1021/bi00155a043},
	url = {http://dx.doi.org/10.1021/bi00155a043},
	year = 1992,
	month = {oct},
	publisher = {American Chemical Society ({ACS})},
	volume = {31},
	number = {40},
	pages = {9848--9856},
	author = {Gina M. MacDonald and Bridgette A. Barry},
	title = {Difference {FT}-{IR} study of a novel biochemical preparation of photosystem {II}},
	journal = {Biochemistry}
}
@article{choi2009effects,
  title={Effects of single metal-ion doping on the visible-light photoreactivity of {TiO2},
  author={Choi, Jina and Park, Hyunwoong and Hoffmann, Michael R},
  journal={The Journal of Physical Chemistry C},
  volume={114},
  number={2},
  pages={783--792},
  year={2009},
  publisher={ACS Publications}
}


@article{Lu_2012,
	doi = {10.1038/srep00715},
	url = {http://dx.doi.org/10.1038/srep00715},
	year = 2012,
	month = {oct},
	publisher = {Nature Publishing Group},
	volume = {2},
	author = {Yi-Chun Lu and Ethan J. Crumlin and Gabriel M. Veith and Jonathon R. Harding and Eva Mutoro and Loïc Baggetto and Nancy J. Dudney and Zhi Liu and Yang Shao-Horn},
	title = {In Situ Ambient Pressure X-ray Photoelectron Spectroscopy Studies of Lithium-Oxygen Redox Reactions},
	journal = {Sci. Rep.}
}

@article{Carp2004,
title = "Photoinduced reactivity of titanium dioxide ",
journal = "Progress in Solid State Chemistry ",
volume = "32",
number = "1–2",
pages = "33 - 177",
year = "2004",
note = "",
issn = "0079-6786",
doi = "http://dx.doi.org/10.1016/j.progsolidstchem.2004.08.001",
url = "http://www.sciencedirect.com/science/article/pii/S0079678604000123",
author = "O. Carp and C.L. Huisman and A. Reller",
keywords = "Titanium dioxide",
keywords = "Photocatalysis",
keywords = "Photoinduced processes",
keywords = "Surface properties",
keywords = "Environmental remediation ",
abstract = "The utilization of solar irradiation to supply energy or to initiate chemical reactions is already an established idea. If a wide-band gap semiconductor like titanium dioxide (TiO2) is irradiated with light, excited electron–hole pairs result that can be applied in solar cells to generate electricity or in chemical processes to create or degrade specific compounds. Recently, a new process used on the surface of TiO2 films, namely, photoinduced superhydrophilicity, is described. All three appearances of the photoreactivity of TiO2 are discussed in detail in this review, but the main focus is on the photocatalytic activity towards environmentally hazardous compounds (organic, inorganic, and biological materials), which are found in wastewater or in air. Besides information on the mechanistical aspects and applications of these kinds of reactions, a description of the attempts and possibilities to improve the reactivity is also provided. This paper would like to assist the reader in getting an overview of this exciting, but also complicated, field. "
}

@ARTICLE{Kapoor1997,
author={Kapoor, A. and Viraraghavan, T.},
title={Nitrate removal from drinking water - Review},
journal={Journal of Environmental Engineering},
year={1997},
volume={123},
number={4},
pages={371-380},
document_type={Review},
source={Scopus},
}


@Misc{,
}
,
   url = {www.citrination.com},
   type = {Web Page}
}

@InBook{Aika1981,
  title     = {Catalysts for Synthesis of Ammonia},
  publisher = {Springer},
  year      = {1981},
  author    = {Aika, K. and Ozaki, A.},
  editor    = {Boudart, Michel and Anderson, John R.},
  type      = {Book Section},
  address   = {Berlin},
}

@InBook{Appl2012,
  pages  = {139--225},
  title  = {Ammonia, 2. Production Processes},
  year   = {2012},
  author = {Appl, Max},
  type   = {Book Section},
  doi    = {10.1002/14356007.o02_o11},
  isbn   = {9783527306732},
}

@Misc{,
}
,
   volume = {280},
   pages = {306-308},
   ISBN = {0121858824},
   DOI= {10.1038/280306a0},
   year = {1979},
   type = {Generic}
}

@Article{Bligaard2016,
  author  = {Bligaard, Thomas and Bullock, R. Morris and Campbell, Charles T. and Chen, Jingguang G. and Gates, Bruce C. and Gorte, Raymond J. and Jones, Christopher W. and Jones, William D. and Kitchin, John R. and Scott, Susannah L.},
  title   = {Toward Benchmarking in Catalysis Science: Best Practices, Challenges, and Opportunities},
  journal = {ACS Catalysis},
  year    = {2016},
  volume  = {6},
  number  = {4},
  pages   = {2590--2602},
  doi     = {10.1021/acscatal.6b00183},
  type    = {Journal Article},
}

@Article{Brillet2012,
  author  = {Brillet, Jeremie and Yum, Jun-Ho and Cornuz, Maurin and Hisatomi, Takashi and Solarska, Renata and Augustynski, Jan and Graetzel, Michael and Sivula, Kevin},
  title   = {Highly efficient water splitting by a dual-absorber tandem cell},
  journal = {Nat Photon},
  year    = {2012},
  volume  = {6},
  number  = {12},
  pages   = {824--828},
  doi     = {10.1038/nphoton.2012.265},
  issn    = {1749-4885},
  type    = {Journal Article},
  url     = {http://dx.doi.org/10.1038/nphoton.2012.265},
}

@Article{Castelli2013,
  author  = {Castelli, I. E. and Garcia-Lastra, J. M. and H\"{u}ser, F. and Thygesen, K. S. and Jacobsen, K. W.},
  title   = {Stability and bandgaps of layered perovskites for one- and two-photon water splitting},
  journal = {New Journal of Physics},
  year    = {2013},
  volume  = {15},
  doi     = {10.1088/1367-2630/15/10/105026},
  type    = {Journal Article},
  url     = {https://www.scopus.com/inward/record.uri?eid=2-s2.0-84887442441&partnerID=40&md5=40b1ea7959efee3110304eac8406cea3},
}

@Article{Castelli2012a,
  author  = {Castelli, I. E. and Landis, D. D. and Thygesen, K. S. and Dahl, S. and Chorkendorff, I. and Jaramillo, T. F. and Jacobsen, K. W.},
  title   = {New cubic perovskites for one- and two-photon water splitting using the computational materials repository},
  journal = {Energy and Environmental Science},
  year    = {2012},
  volume  = {5},
  number  = {10},
  pages   = {9034--9043},
  doi     = {10.1039/c2ee22341d},
  type    = {Journal Article},
  url     = {https://www.scopus.com/inward/record.uri?eid=2-s2.0-84870039726&partnerID=40&md5=c52c4177844dc15ce2717ded5a66678c},
}

@Article{Castelli2012,
  author  = {Castelli, Ivano E. and Olsen, Thomas and Datta, Soumendu and Landis, David D. and Dahl, S\o{}ren and Thygesen, Kristian S. and Jacobsen, Karsten W.},
  title   = {Computational screening of perovskite metal oxides for optimal solar light capture},
  journal = {Energy \& Environmental Science},
  year    = {2012},
  volume  = {5},
  number  = {2},
  pages   = {5814--5814},
  doi     = {10.1039/c1ee02717d},
  type    = {Journal Article},
  url     = {http://xlink.rsc.org/?DOI=c1ee02717d},
}

@Article{Christianson2013,
  author  = {Christianson, Jeffrey R. and Zhu, Di and Hamers, Robert J. and Schmidt, J. R. and Christianson, R. and Zhu, Di and Hamers, Robert J. and Schmidt, J. R.},
  title   = {Mechanism of N$_2$ Reduction to NH$_3$ {b}y Aqueous Solvated Electrons},
  journal = {Journal of Physical Chemistry B},
  year    = {2013},
  volume  = {2},
  number  = {1},
  pages   = {195--203},
  doi     = {10.1021/jp406535p},
  type    = {Journal Article},
}

@Article{Christopher2011,
  author  = {Christopher, Phillip and Xin, Hongliang and Linic, Suljo},
  title   = {Visible-light-enhanced catalytic oxidation reactions on plasmonic silver nanostructures},
  journal = {Nature Chemistry},
  year    = {2011},
  doi     = {10.1038/nchem.1032},
  type    = {Journal Article},
}

@Article{Dahl2000,
  author  = {Dahl, S. and Sehested, Jens and Jacobsen, C. and Tornqvist, E. and Chorkendorff, I.},
  title   = {Surface science based microkinetic analysis of ammonia synthesis over ruthenium catalysts},
  journal = {Journal of Catalysis},
  year    = {2000},
  volume  = {192},
  number  = {2},
  pages   = {391--399},
  doi     = {10.1006/jcat.2000.2857},
  type    = {Journal Article},
  url     = {http://linkinghub.elsevier.com/retrieve/pii/S0021951700928574},
}

@Article{Davies1993,
  author  = {Davies, Julian A. and Edwards, Jimmie G.},
  title   = {Reply : Standards of Demonstration for the Heterogeneous Photoreactions of N, with H,O},
  journal = {Angewandte Chemie International Edition},
  year    = {1993},
  volume  = {105},
  number  = {4},
  pages   = {581--582},
  type    = {Journal Article},
}

@Article{Erisman2008,
  author  = {Erisman, Jan Willem and Sutton, Mark A. and Galloway, James and Klimont, Zbigniew and Winiwarter, Wilfried},
  title   = {How a century of ammonia synthesis changed the world},
  journal = {Nature Geoscience},
  year    = {2008},
  volume  = {1},
  number  = {10},
  pages   = {636--639},
  doi     = {10.1038/ngeo325},
  type    = {Journal Article},
}

@Article{Ertl1980,
  author  = {Ertl, G.},
  title   = {Surface Science and Catalysis-Studies on the Mechanism of Ammonia Synthesis: The P. H. Emmett Award Address},
  journal = {Catalysis Reviews},
  year    = {1980},
  volume  = {21},
  number  = {2},
  pages   = {201--223},
  doi     = {10.1080/03602458008067533},
  type    = {Journal Article},
}

@Article{Ghuman2015,
  author  = {Ghuman, Kulbir Kaur and Wood, Thomas E. and Hoch, Laura B. and Mims, Charles A. and Ozin, Geoffrey A. and Singh, Chandra Veer},
  title   = {Illuminating CO 2 reduction on frustrated Lewis pair surfaces: investigating the role of surface hydroxides and oxygen vacancies on nanocrystalline In2O3-x(OH)y},
  journal = {Physical Chemistry Chemical Physics},
  year    = {2015},
  volume  = {17},
  number  = {22},
  pages   = {14623--14635},
  doi     = {10.1039/C5CP02613J},
  type    = {Journal Article},
  url     = {http://xlink.rsc.org/?DOI=C5CP02613J},
}

@Article{Greeley2006,
  author  = {Greeley, Jeff and Jaramillo, Thomas F. and Bonde, Jacob and Chorkendorff, I. B. and N\o{}rskov, Jens K.},
  title   = {Computational high-throughput screening of electrocatalytic materials for hydrogen evolution},
  journal = {Nature materials},
  year    = {2006},
  volume  = {5},
  number  = {11},
  pages   = {909--13},
  doi     = {10.1038/nmat1752},
  type    = {Journal Article},
  url     = {http://www.ncbi.nlm.nih.gov/pubmed/17041585},
}

@Article{Grimaud2013,
  author  = {Grimaud, Alexis and May, Kevin J. and Carlton, Christopher E. and Lee, Yueh-Lin and Risch, Marcel and Hong, Wesley T. and Zhou, Jigang and Shao-Horn, Yang},
  title   = {Double perovskites as a family of highly active catalysts for oxygen evolution in alkaline solution},
  journal = {Nature communications},
  year    = {2013},
  volume  = {4},
  pages   = {2439--2439},
  doi     = {10.1038/ncomms3439},
  type    = {Journal Article},
  url     = {http://www.ncbi.nlm.nih.gov/pubmed/24042731},
}

@Article{Haber1910,
  author  = {Haber, Fritz},
  title   = {The production of ammonia from nitrogen and hydrogen},
  journal = {Zeitschrift f\"{u}r Elektrochemie und Angewandte Physikalische Chemie},
  year    = {1910},
  volume  = {16},
  number  = {244},
  type    = {Journal Article},
}

@Article{Henderson2011,
  author  = {Henderson, Michael A.},
  title   = {A surface science perspective on TiO2 photocatalysis},
  journal = {Surface Science Reports},
  year    = {2011},
  volume  = {66},
  number  = {6-7},
  pages   = {185--297},
  doi     = {10.1016/j.surfrep.2011.01.001},
  issn    = {0167-5729},
  type    = {Journal Article},
  url     = {http://linkinghub.elsevier.com/retrieve/pii/S0167572911000100},
}

@Article{Hinnemann2005,
  author  = {Hinnemann, Berit and Moses, Poul Georg and Bonde, Jacob and J\o{}rgensen, Kristina P. and Nielsen, Jane H. and Horch, Sebastian and Chorkendorff, Ib and N\o{}rskov, Jens K.},
  title   = {Biomimetic hydrogen evolution: MoS2 nanoparticles as catalyst for hydrogen evolution},
  journal = {Journal of the American Chemical Society},
  year    = {2005},
  volume  = {127},
  number  = {15},
  pages   = {5308--9},
  doi     = {10.1021/ja0504690},
  type    = {Journal Article},
  url     = {http://www.ncbi.nlm.nih.gov/pubmed/15826154},
}

@Article{Hinnemann2006,
  author  = {Hinnemann, Berit and N\o{}rskov, Jens K.},
  title   = {Catalysis by Enzymes: The Biological Ammonia Synthesis},
  journal = {Topics in Catalysis},
  year    = {2006},
  volume  = {37},
  number  = {1},
  pages   = {55--70},
  doi     = {10.1007/s11244-006-0002-0},
  type    = {Journal Article},
}

@Article{Honkala2005,
  author  = {Honkala, K. and Hellman, A. and Remediakis, I. N. and Logadottir, A. and Carlsson, A. and Dahl, S. and Christensen, C. H. and N\o{}rskov, Jens K.},
  title   = {Ammonia synthesis from first-principles calculations},
  journal = {Science},
  year    = {2005},
  volume  = {307},
  number  = {5709},
  pages   = {555--558},
  type    = {Journal Article},
  url     = {http://www.ncbi.nlm.nih.gov/pubmed/15681379},
}

@Article{Hoshino2001,
  author  = {Hoshino, Katsuyoshi},
  title   = {New avenues in dinitrogen fixation research},
  journal = {Chemistry - A European Journal},
  year    = {2001},
  volume  = {7},
  number  = {13},
  pages   = {2727--2731},
  doi     = {10.1002/1521-3765(20010702)7:13<2727::AID-CHEM2727>3.0.CO;2-4},
  type    = {Journal Article},
}

@Article{Hoshino2008,
  author  = {Hoshino, K. and Kuchii, R. and Ogawa, T.},
  title   = {Dinitrogen photofixation properties of different titanium oxides in conducting polymer/titanium oxide hybrid systems},
  journal = {Applied Catalysis B: Environmental},
  year    = {2008},
  volume  = {79},
  number  = {1},
  pages   = {81--88},
  doi     = {10.1016/j.apcatb.2007.10.007},
  type    = {Journal Article},
}

@Article{Jacobsen2001,
  author  = {Jacobsen, Claus J. H. and Dahl, S\o{}ren and Clausen, Bjerne S. and Bahn, Sune and Logadottir, Ashildur and N\o{}rskov, Jens K.},
  title   = {Catalyst Design by Interpolation in the Periodic Table: Bimetallic Ammonia Synthesis Catalysts},
  journal = {Journal of the American Chemical Society},
  year    = {2001},
  volume  = {123},
  number  = {34},
  pages   = {8404--8405},
  doi     = {10.1021/ja010963d},
  type    = {Journal Article},
}

@Article{Jain2013,
  author  = {Jain, Anubhav and Ong, Shyue Ping and Hautier, Geoffroy and Chen, Wei and Richards, William Davidson and Dacek, Stephen and Cholia, Shreyas and Gunter, Dan and Skinner, David and Ceder, Gerbrand and Persson, Kristin A.},
  title   = {The Materials Project: A materials genome approach to accelerating materials innovation},
  journal = {APL Materials},
  year    = {2013},
  volume  = {1},
  number  = {1},
  pages   = {011002--011002},
  doi     = {10.1063/1.4812323},
  type    = {Journal Article},
}

@Article{KaurGhuman2016,
  author  = {Kaur Ghuman, Kulbir and Hoch, Laura B. and Szymanski, Paul and Loh, Joel Y. Y. and Kherani, Nazir P. and El-Sayed, Mostafa A. and Ozin, Geoffrey A. and Veer Singh, Chandra},
  title   = {Photoexcited Surface Frustrated Lewis Pairs for Heterogeneous Photocatalytic {CO2} Reduction},
  journal = {Journal of the American Chemical Society},
  year    = {2016},
  doi     = {10.1021/jacs.5b10179},
  type    = {Journal Article},
}

@Article{Kisch2011,
  author  = {Kisch, Horst},
  title   = {Nitrogen Photofixation at Nanostructured Iron Titanate Films},
  journal = {Green Energy and Technology},
  year    = {2011},
  volume  = {33},
  number  = {Iii},
  pages   = {585--599},
  doi     = {10.1007/978-0-85729-638-2_17},
  type    = {Journal Article},
  url     = {http://www.springerlink.com/index/10.1007/978-0-85729-638-2
http://link.springer.com/10.1007/978-0-85729-638-2_17},
}

@Article{Kowalski2009,
  author  = {Kowalski, Piotr M. and Meyer, Bernd and Marx, Dominik},
  title   = {Composition, structure, and stability of the rutile TiO2(110) surface: Oxygen depletion, hydroxylation, hydrogen migration, and water adsorption},
  journal = {Physical Review B},
  year    = {2009},
  volume  = {79},
  number  = {11},
  pages   = {115410--115410},
  doi     = {10.1103/PhysRevB.79.115410},
  type    = {Journal Article},
}

@Article{Lausche2013,
  author  = {Lausche, Adam C. and Medford, Andrew J. and Khan, Tuhin Suvra and Xu, Yue and Bligaard, Thomas and Abild-Pedersen, Frank and N\o{}rskov, Jens K. and Studt, Felix},
  title   = {On the effect of coverage-dependent adsorbate-adsorbate interactions for CO methanation on transition metal surfaces},
  journal = {Journal of Catalysis},
  year    = {2013},
  volume  = {307},
  pages   = {275--282},
  doi     = {10.1016/j.jcat.2013.08.002},
  type    = {Journal Article},
  url     = {http://linkinghub.elsevier.com/retrieve/pii/S0021951713002923},
}

@Article{Liao2007,
  author  = {Liao, D. L. and Liao, B. Q.},
  title   = {Shape, size and photocatalytic activity control of TiO2 nanoparticles with surfactants},
  journal = {Journal of Photochemistry and Photobiology A: Chemistry},
  year    = {2007},
  volume  = {187},
  number  = {2-3},
  pages   = {363--369},
  doi     = {10.1016/j.jphotochem.2006.11.003},
  type    = {Journal Article},
  url     = {http://linkinghub.elsevier.com/retrieve/pii/S101060300600579X},
}

@Article{Logadottir2003,
  author  = {Logad\'{o}ttir, A and N\o{}rskov, Jens K.},
  title   = {Ammonia synthesis over a Ru(0001) surface studied by density functional calculations},
  journal = {Journal of Catalysis},
  year    = {2003},
  volume  = {220},
  number  = {2},
  pages   = {273--279},
  doi     = {10.1016/S0021-9517(03)00156-8},
  type    = {Journal Article},
  url     = {http://linkinghub.elsevier.com/retrieve/pii/S0021951703001568},
}

@Article{Logadottir2001,
  author  = {Logadottir, A. and Rod, T. H. and N\o{}rskov, J. K. and Hammer, B. and Dahl, S\o{}ren and Jacobsen, C. J. H.},
  title   = {The Br\o{}nsted-Evans-Polanyi Relation and the Volcano Plot for Ammonia Synthesis over Transition Metal Catalysts},
  journal = {Journal of Catalysis},
  year    = {2001},
  volume  = {197},
  number  = {2},
  pages   = {229--231},
  doi     = {10.1006/jcat.2000.3087},
  type    = {Journal Article},
  url     = {http://linkinghub.elsevier.com/retrieve/pii/S0021951700930872},
}

@Article{Luttrell2014,
  author  = {Luttrell, Tim and Halpegamage, Sandamali and Tao, Junguang and Kramer, Alan and Sutter, Eli and Batzill, Matthias},
  title   = {Why is anatase a better photocatalyst than rutile? - Model studies on epitaxial TiO2 films},
  journal = {Scientific Reports},
  year    = {2014},
  volume  = {4},
  doi     = {10.1038/srep04043},
  type    = {Journal Article},
  url     = {http://www.nature.com/articles/srep04043},
}

@Article{Ma2016,
  author  = {Ma, Huiqiang and Shi, Zhenyu and Li, Shuang and Liu, Na},
  title   = {Large-scale production of graphitic carbon nitride with outstanding nitrogen photofixation ability via a convenient microwave treatment},
  journal = {Applied Surface Science},
  year    = {2016},
  volume  = {379},
  pages   = {309--315},
  doi     = {10.1016/j.apsusc.2016.04.085},
  type    = {Journal Article},
  url     = {http://linkinghub.elsevier.com/retrieve/pii/S0169433216308352},
}

@Article{Man2011,
  author  = {Man, Isabela C. and Su, Hai-Yan and Calle-Vallejo, Federico and Hansen, Heine A. and Martinez, Jos\'{e} I. and Inoglu, Nilay G. and Kitchin, John and Jaramillo, Thomas F. and N\o{}rskov, Jens K. and Rossmeisl, Jan},
  title   = {Universality in Oxygen Evolution Electrocatalysis on Oxide Surfaces},
  journal = {ChemCatChem},
  year    = {2011},
  volume  = {3},
  number  = {7},
  pages   = {1159--1165},
  doi     = {10.1002/cctc.201000397},
  type    = {Journal Article},
}

@Article{McCrory2013,
  author  = {McCrory, Charles C. L. and Jung, Suho and Peters, Jonas C. and Jaramillo, Thomas F.},
  title   = {Benchmarking Heterogeneous Electrocatalysts for the Oxygen Evolution Reaction},
  journal = {Journal of the American Chemical Society},
  year    = {2013},
  doi     = {10.1021/ja407115p},
  type    = {Journal Article},
  url     = {http://www.ncbi.nlm.nih.gov/pubmed/24171402},
}

@Article{Medford2014,
  author  = {Medford, Andrew J. and Lausche, Adam C. and Abild-Pedersen, Frank and Temel, Burcin and Schj\o{}dt, Niels C. and N\o{}rskov, Jens K. and Studt, Felix},
  title   = {Activity and Selectivity Trends in Synthesis Gas Conversion to Higher Alcohols},
  journal = {Topics in Catalysis},
  year    = {2014},
  volume  = {57},
  number  = {1-4},
  pages   = {135--142},
  doi     = {10.1007/s11244-013-0169-0},
  type    = {Journal Article},
}

@Article{Medford2014b,
  author  = {Medford, Andrew J. and Sehested, Jens and Rossmeisl, Jan and Chorkendorff, Ib and Studt, Felix and N\o{}rskov, Jens K. and Moses, Poul Georg},
  title   = {Thermochemistry and micro-kinetic analysis of methanol synthesis on {ZnO} (0001)},
  journal = {Journal of Catalysis},
  year    = {2014},
  volume  = {309},
  pages   = {397--407},
  doi     = {10.1016/j.jcat.2013.10.015},
  type    = {Journal Article},
  url     = {http://linkinghub.elsevier.com/retrieve/pii/S0021951713003667},
}

@Article{Medford2015,
  author  = {Medford, Andrew J. and Shi, Chuan and Hoffmann, Max J. and Lausche, Adam C. and Fitzgibbon, Sean R. and Bligaard, Thomas and N\o{}rskov, Jens K.},
  title   = {{CatMAP}: A Software Package for Descriptor-Based Microkinetic Mapping of Catalytic Trends},
  journal = {Catalysis Letters},
  year    = {2015},
  doi     = {10.1007/s10562-015-1495-6},
  type    = {Journal Article},
}

@article{Medford2015a,
	doi = {10.1016/j.jcat.2014.12.033},
	url = {http://dx.doi.org/10.1016/j.jcat.2014.12.033},
	year = 2015,
	month = {aug},
	publisher = {Elsevier {BV}},
	volume = {328},
	pages = {36--42},
	author = {Andrew J. Medford and Aleksandra Vojvodic and Jens S. Hummelsh{\o}j and Johannes Voss and Frank Abild-Pedersen and Felix Studt and Thomas Bligaard and Anders Nilsson and Jens K. N{\o}rskov},
	title = {From the Sabatier principle to a predictive theory of transition-metal heterogeneous catalysis},
	journal = {Journal of Catalysis}
}

@Article{Medford2012,
  author  = {Medford, Andrew J. and Vojvodic, Aleksandra and Studt, Felix and Abild-Pedersen, Frank and N\o{}rskov, Jens K.},
  title   = {Elementary steps of syngas reactions on Mo2{C}(001): Adsorption thermochemistry and bond dissociation},
  journal = {Journal of Catalysis},
  year    = {2012},
  volume  = {290},
  number  = {001},
  pages   = {108--117},
  doi     = {10.1016/j.jcat.2012.03.007},
  type    = {Journal Article},
  url     = {http://linkinghub.elsevier.com/retrieve/pii/S0021951712000796},
}

@Article{Medford2014a,
  author  = {Medford, Andrew J. and Wellendorff, J. and Vojvodic, A. and Studt, F. and Abild-Pedersen, F. and Jacobsen, K. W. and Bligaard, T. and Norskov, J. K.},
  title   = {Assessing the reliability of calculated catalytic ammonia synthesis rates},
  journal = {Science},
  year    = {2014},
  volume  = {345},
  number  = {6193},
  pages   = {197--200},
  doi     = {10.1126/science.1253486},
  type    = {Journal Article},
}

@Article{Michalsky2014,
  author  = {Michalsky, Ronald and Zhang, Yin-Jia and Medford, Andrew J. and Peterson, Andrew A.},
  title   = {Departures from the Adsorption Energy Scaling Relations for Metal Carbide Catalysts},
  journal = {The Journal of Physical Chemistry C},
  year    = {2014},
  volume  = {118},
  number  = {24},
  pages   = {13026--13034},
  doi     = {10.1021/jp503756g},
  type    = {Journal Article},
}

@Article{Olsen2013,
  author  = {Olsen, Thomas and Thygesen, Kristian S.},
  title   = {Beyond the random phase approximation: Improved description of short-range correlation by a renormalized adiabatic local density approximation},
  journal = {Physical Review B - Condensed Matter and Materials Physics},
  year    = {2013},
  volume  = {88},
  number  = {11},
  doi     = {10.1103/PhysRevB.88.115131},
  type    = {Journal Article},
}

@Article{Panayotov2012,
  author  = {Panayotov, Dimitar A. and Burrows, Steven P. and Morris, John R.},
  title   = {Photooxidation Mechanism of Methanol on Rutile TiO 2~{N}anoparticles},
  journal = {The Journal of Physical Chemistry C},
  year    = {2012},
  volume  = {116},
  number  = {11},
  pages   = {6623--6635},
  doi     = {10.1021/jp209215c},
  type    = {Journal Article},
}

@Article{Papageorgiou2010,
  author  = {Papageorgiou, A. C. and Beglitis, N. S. and Pang, C. L. and Teobaldi, G. and Cabailh, G. and Chen, Q. and Fisher, A. J. and Hofer, W. A. and Thornton, G.},
  title   = {Electron traps and their effect on the surface chemistry of TiO2(110)},
  journal = {Proceedings of the National Academy of Sciences},
  year    = {2010},
  volume  = {107},
  number  = {6},
  pages   = {2391--2396},
  doi     = {10.1073/pnas.0911349107},
  type    = {Journal Article},
}

@Article{Peterson2012,
  author  = {Peterson, Andrew A. and Grabow, Lars C. and Brennan, Thomas P. and Shong, Bonggeun and Ooi, Chinchun and Wu, Di M. and Li, Christina W. and Kushwaha, Amit and Medford, Andrew J. and Mbuga, Felix and Li, Lin and N\o{}rskov, Jens K.},
  title   = {Finite-Size Effects in O and CO Adsorption for the Late Transition Metals},
  journal = {Topics in Catalysis},
  year    = {2012},
  volume  = {55},
  number  = {19-20},
  pages   = {1276--1282},
  doi     = {10.1007/s11244-012-9908-x},
  type    = {Journal Article},
}

@Article{Pilania2016,
  author  = {Pilania, G. and Mannodi-Kanakkithodi, A. and Uberuaga, B. P. and Ramprasad, R. and Gubernatis, J. E. and Lookman, T.},
  title   = {Machine learning bandgaps of double perovskites},
  journal = {Scientific Reports},
  year    = {2016},
  volume  = {6},
  pages   = {19375--19375},
  doi     = {10.1038/srep19375},
  type    = {Journal Article},
  url     = {http://www.nature.com/articles/srep19375},
}

@Article{Ranjit1996,
  author  = {Ranjit, K. T. and Viswanathan, B.},
  title   = {Photocatalytic reduction of dinitrogen to ammonia},
  journal = {Indian Journal of Chemistry - Section A Inorganic, Physical, Theoretical and Analytical Chemistry},
  year    = {1996},
  volume  = {35},
  number  = {6},
  pages   = {443--453},
  doi     = {10.1016/1010-6030(95)04290-3},
  issn    = {1010-6030},
  type    = {Journal Article},
}

@Article{Ranjit1997,
  author  = {Ranjit, K. T. and Viswanathan, B.},
  title   = {Photocatalytic reduction of nitrite and nitrate ions over doped TiO2 catalysts},
  journal = {Journal of Photochemistry and Photobiology A: Chemistry},
  year    = {1997},
  volume  = {107},
  number  = {1-3},
  pages   = {215--220},
  doi     = {10.1016/S1010-6030(97)00025-7},
  type    = {Journal Article},
}

@Article{Rao1994,
  author  = {Rao, N. N. and Dube, Sangeeta and Manjubala and Natarajan, P.},
  title   = {Photocatalytic reduction of nitrogen over (Fe, Ru or Os) /TiO2 catalysts},
  journal = {Applied Catalysis B: Environmental},
  year    = {1994},
  volume  = {5},
  number  = {1-2},
  pages   = {33--42},
  doi     = {10.1016/0926-3373(94)00042-5},
  type    = {Journal Article},
  url     = {http://linkinghub.elsevier.com/retrieve/pii/0926337394000425},
}

@ARTICLE{Barmparis2015361,
author={Barmparis, G.D. and Lodziana, Z. and Lopez, N. and Remediakis, I.N.},
title={Nanoparticle shapes by using Wulff constructions and first-principles calculations},
journal={Beilstein Journal of Nanotechnology},
year={2015},
volume={6},
number={1},
pages={361-368},
doi={10.3762/bjnano.6.35},
note={cited By 7},
url={https://www.scopus.com/inward/record.uri?eid=2-s2.0-84923112660&partnerID=40&md5=f32895b845344072b7979daed2609df9},
document_type={Review},
source={Scopus},
}

@article{Li_2008,
	doi = {10.1021/jp802335h},
	url = {http://dx.doi.org/10.1021/jp802335h},
	year = 2008,
	month = {may},
	publisher = {American Chemical Society ({ACS})},
	volume = {112},
	number = {17},
	pages = {6594--6596},
	author = {Wei-Kun Li and Xue-Qing Gong and Guanzhong Lu and Annabella Selloni},
	title = { Different Reactivities of {TiO} 2 Polymorphs: Comparative {DFT} Calculations of Water and Formic Acid Adsorption at Anatase and Brookite {TiO} 2 Surfaces },
	journal = {J. Phys. Chem. C}
}

@article{Schaub_2001,
	doi = {10.1103/physrevlett.87.266104},
	url = {http://dx.doi.org/10.1103/physrevlett.87.266104},
	year = 2001,
	month = {dec},
	publisher = {American Physical Society ({APS})},
	volume = {87},
	number = {26},
	author = {R. Schaub and P. Thostrup and N. Lopez and E. L{\ae}gsgaard and I. Stensgaard and J. K. N{\o}rskov and F. Besenbacher},
	title = { Oxygen Vacancies as Active Sites for Water Dissociation on Rutile     {TiO}   2    ( 110 )  },
	journal = {Phys. Rev. Lett.}
}

@article{Morgan_2007,
	doi = {10.1016/j.susc.2007.08.025},
	url = {http://dx.doi.org/10.1016/j.susc.2007.08.025},
	year = 2007,
	month = {nov},
	publisher = {Elsevier {BV}},
	volume = {601},
	number = {21},
	pages = {5034--5041},
	author = {Benjamin J. Morgan and Graeme W. Watson},
	title = {A {DFT}$\mathplus$U description of oxygen vacancies at the {TiO}2 rutile (110) surface},
	journal = {Surface Science}
}

@article{Zheng_2016,
	doi = {10.1063/1.4958969},
	url = {http://dx.doi.org/10.1063/1.4958969},
	year = 2016,
	month = {jul},
	publisher = {{AIP} Publishing},
	volume = {145},
	number = {4},
	pages = {044702},
	author = {Ting Zheng and Chunya Wu and Mingjun Chen and Yu Zhang and Peter T. Cummings},
	title = {A {DFT} study of water adsorption on rutile {TiO}2 (110) surface: The effects of surface steps},
	journal = {The Journal of Chemical Physics}
}

@article{Wulff_1904,
	doi = {10.1524/zkri.1904.38.1.1},
	url = {http://dx.doi.org/10.1524/zkri.1904.38.1.1},
	year = 1904,
	month = {jan},
	publisher = {Walter de Gruyter {GmbH}},
	volume = {38},
	number = {1-6},
	pages = {1--57},
	author = {G. Wulff},
	title = {I. Untersuchungen über die Genauigkeitsgrenzen der Gesetze der geometrischen Krystallographie},
	journal = {Zeitschrift für Kristallographie - Crystalline Materials}
}

@article{ESPRESSO,
	Author = {Paolo Giannozzi and Stefano Baroni and Nicola Bonini and Matteo Calandra and Roberto Car and Carlo Cavazzoni and Davide Ceresoli and Guido L Chiarotti and Matteo Cococcioni and Ismaila Dabo and Andrea {Dal Corso} and Stefano de Gironcoli and Stefano Fabris and Guido Fratesi and Ralph Gebauer and Uwe Gerstmann and Christos Gougoussis and Anton Kokalj and Michele Lazzeri and Layla Martin-Samos and Nicola Marzari and Francesco Mauri and Riccardo Mazzarello and Stefano Paolini and Alfredo Pasquarello and Lorenzo Paulatto and Carlo Sbraccia and Sandro Scandolo and Gabriele Sclauzero and Ari P Seitsonen and Alexander Smogunov and Paolo Umari and Renata M Wentzcovitch},
	Journal = {Journal of Physics: Condensed Matter},
	Number = {39},
	Pages = {395502 (19pp)},
	Title = {QUANTUM ESPRESSO: a modular and open-source software project for quantum simulations of materials},
	Url = {http://www.quantum-espresso.org},
	Volume = {21},
	Year = {2009}}
    
    @article{ASE,
	doi = {10.1088/1361-648x/aa680e},
	url = {https://doi.org/10.1088%2F1361-648x%2Faa680e},
	year = 2017,
	month = {jun},
	publisher = {{IOP} Publishing},
	volume = {29},
	number = {27},
	pages = {273002},
	author = {Ask Hjorth Larsen and Jens J{\o}rgen Mortensen and Jakob Blomqvist and Ivano E Castelli and Rune Christensen and Marcin Du{\l}ak and Jesper Friis and Michael N Groves and Bj{\o}rk Hammer and Cory Hargus and Eric D Hermes and Paul C Jennings and Peter Bjerre Jensen and James Kermode and John R Kitchin and Esben Leonhard Kolsbjerg and Joseph Kubal and Kristen Kaasbjerg and Steen Lysgaard and J{\'{o}}n Bergmann Maronsson and Tristan Maxson and Thomas Olsen and Lars Pastewka and Andrew Peterson and Carsten Rostgaard and Jakob Schi{\o}tz and Ole Schütt and Mikkel Strange and Kristian S Thygesen and Tejs Vegge and Lasse Vilhelmsen and Michael Walter and Zhenhua Zeng and Karsten W Jacobsen},
	title = {The atomic simulation environment{\textemdash}a Python library for working with atoms},
	journal = {Journal of Physics: Condensed Matter}
}

@article{Hellman_2017,
	doi = {10.3390/inorganics5020037},
	url = {https://doi.org/10.3390%2Finorganics5020037},
	year = 2017,
	month = {jun},
	publisher = {{MDPI} {AG}},
	volume = {5},
	number = {2},
	pages = {37},
	author = {Anders Hellman and Baochang Wang},
	title = {First-Principles View on Photoelectrochemistry: Water-Splitting as Case Study},
	journal = {Inorganics}
}

@article{Lopes_2016,
	doi = {10.1039/c6ra08509a},
	url = {https://doi.org/10.1039%2Fc6ra08509a},
	year = 2016,
	publisher = {Royal Society of Chemistry ({RSC})},
	volume = {6},
	number = {46},
	pages = {40408--40417},
	author = {Juliana F. Lopes and Juliana C. M. Silva and Maur{\'{\i}}cio T. M. Cruz and Jos{\'{e}} Walkimar de M. Carneiro and Wagner B. De Almeida},
	title = {{DFT} study of ethanol dehydration catalysed by hematite},
	journal = {{RSC} Adv.}
}

@article{Souvi_2013,
	doi = {10.1016/j.susc.2012.12.012},
	url = {https://doi.org/10.1016%2Fj.susc.2012.12.012},
	year = 2013,
	month = {apr},
	publisher = {Elsevier {BV}},
	volume = {610},
	pages = {7--15},
	author = {Sidi M.O. Souvi and Michael Badawi and Jean-Fran{\c{c}}ois Paul and Sylvain Cristol and Laurent Cantrel},
	title = {A {DFT} study of the hematite surface state in the presence of {H2}, {H2O} and {O2}},
	journal = {Surface Science}
}

@article{Rollmann_2004,
	doi = {10.1103/physrevb.69.165107},
	url = {https://doi.org/10.1103%2Fphysrevb.69.165107},
	year = 2004,
	month = {apr},
	publisher = {American Physical Society ({APS})},
	volume = {69},
	number = {16},
	author = {G. Rollmann and A. Rohrbach and P. Entel and J. Hafner},
	title = {First-principles calculation of the structure and magnetic phases of hematite},
	journal = {Physical Review B}
}

@article{Rohrbach_2004,
	doi = {10.1103/physrevb.70.125426},
	url = {https://doi.org/10.1103%2Fphysrevb.70.125426},
	year = 2004,
	month = {sep},
	publisher = {American Physical Society ({APS})},
	volume = {70},
	number = {12},
	author = {A. Rohrbach and J. Hafner and G. Kresse},
	title = {Ab initiostudy of the (0001) surfaces of hematite and chromia: Influence of strong electronic correlations},
	journal = {Physical Review B}
}

@Article{Reuter2001,
  author  = {Reuter, Karsten and Scheffler, Matthias},
  title   = {{C}omposition, structure and stability of {R}u{O}$_2$(110) as a function of oxygen pressure},
  journal = {Physical Review B},
  year    = {2001},
  volume  = {2},
  number  = {110},
  pages   = {12--12},
  doi     = {10.1103/PhysRevB.65.035406},
  type    = {Journal Article},
  url     = {http://arxiv.org/abs/cond-mat/0107229},
}

@Article{Reuter2003,
  author  = {Reuter, Karsten and Scheffler, Matthias},
  title   = {First-Principles Atomistic Thermodynamics for Oxidation Catalysis: Surface Phase Diagrams and Catalytically Interesting Regions},
  journal = {Physical Review Letters},
  year    = {2003},
  volume  = {90},
  number  = {4},
  pages   = {046103--046103},
  doi     = {10.1103/PhysRevLett.90.046103},
  type    = {Journal Article},
}

@Article{Saadatjou2014,
  author  = {Saadatjou, Naghi and Jafari, Ali and Sahebdelfar, Saeed},
  title   = {Ruthenium Nanocatalysts for Ammonia Synthesis: A Review},
  journal = {Chemical Engineering Communications},
  year    = {2014},
  volume  = {202},
  number  = {4},
  pages   = {420--448},
  doi     = {10.1080/00986445.2014.923995},
  type    = {Journal Article},
}

@Article{Schimming2015,
  author  = {Schimming, Sarah M. and LaMont, Onaje D. and K\"{o}nig, Michael and Rogers, Allyson K. and D'Amico, Andrew D. and Yung, Matthew M. and Sievers, Carsten},
  title   = {Hydrodeoxygenation of Guaiacol over Ceria-Zirconia Catalysts},
  journal = {ChemSusChem},
  year    = {2015},
  volume  = {8},
  number  = {12},
  pages   = {2073--2083},
  doi     = {10.1002/cssc.201500317},
  type    = {Journal Article},
}

@Article{Schloegl2003,
  author  = {Schl\"{o}gl, Robert},
  title   = {Catalytic synthesis of ammonia-a "never-ending story"?},
  journal = {Angewandte Chemie},
  year    = {2003},
  volume  = {42},
  number  = {18},
  pages   = {2004--8},
  doi     = {10.1002/anie.200301553},
  type    = {Journal Article},
  url     = {http://www.nature.com/doifinder/10.1038/315311a0
http://www.ncbi.nlm.nih.gov/pubmed/12746811},
}

@Article{Schneider2014,
  author  = {Schneider, Jenny and Matsuoka, Masaya and Takeuchi, Masato and Zhang, Jinlong and Horiuchi, Yu and Anpo, Masakazu and Bahnemann, Detlef W.},
  title   = {Understanding TiO 2 Photocatalysis: Mechanisms and Materials},
  journal = {Chemical Reviews},
  year    = {2014},
  volume  = {114},
  number  = {19},
  pages   = {9919--9986},
  doi     = {10.1021/cr5001892},
  type    = {Journal Article},
}

@InBook{Schrauzer2011,
  pages  = {601--623},
  title  = {Photoreduction of Nitrogen on TiO2 and TiO2\mbox{-}{C}ontaining Minerals},
  year   = {2011},
  author = {Schrauzer, Gerhard N.},
  type   = {Book Section},
  doi    = {10.1007/978-0-85729-638-2_18},
  isbn   = {978-0-85729-637-5},
  url    = {http://www.springerlink.com/index/10.1007/978-0-85729-638-2
http://link.springer.com/10.1007/978-0-85729-638-2_18},
}

@Article{Schrauzer1977,
  author  = {Schrauzer, Gerhard N. and Guth, Ted D.},
  title   = {Photolysis of Water and Photoreduction of Nitrogen on Titanium-Dioxide},
  journal = {Journal of the American Chemical Society},
  year    = {1977},
  volume  = {99},
  number  = {22},
  pages   = {7189--7193},
  doi     = {10.1021/ja00464a015},
  type    = {Journal Article},
}

@Misc{,
}

@Article{Sclafani1992,
  author  = {Sclafani, A. and Palmisano, L. and Schiavello, M.},
  title   = {N2 photoreduction and phenol and nitrophenol isomers photooxidation as examples of heterogeneous photocatalytic reactions},
  journal = {Research on Chemical Intermediates},
  year    = {1992},
  volume  = {18},
  pages   = {211--226},
  type    = {Journal Article},
}

@Article{Seger2014,
  author  = {Seger, B. and Castelli, I. E. and Vesborg, P. C. K. and Jacobsen, K. W. and Hansen, O. and Chorkendorff, I.},
  title   = {2-Photon tandem device for water splitting: Comparing photocathode first versus photoanode first designs},
  journal = {Energy and Environmental Science},
  year    = {2014},
  volume  = {7},
  number  = {8},
  pages   = {2397--2413},
  doi     = {10.1039/c4ee01335b},
  type    = {Journal Article},
  url     = {https://www.scopus.com/inward/record.uri?eid=2-s2.0-84904581200&partnerID=40&md5=03c93ec00f34263144ee2e219e54ace7},
}

@Article{Smirnova2001,
  author  = {Smirnova, Natalie and Eremenko, Anna and Rusina, Olga and Hopp, Werner and Spanhel, Lubomir},
  title   = {Synthesis and characterization of photocatalytic porous Fe3+/TiO2 layers on glass},
  journal = {Journal of Sol-Gel Science and Technology},
  year    = {2001},
  volume  = {22},
  number  = {1-2},
  pages   = {109--113},
  doi     = {10.1023/A:1011224606025},
  type    = {Journal Article},
}

@Article{Suntivich2011,
  author  = {Suntivich, Jin and May, Kevin J. and Gasteiger, Hubert A. and Goodenough, John B. and Shao-Horn, Yang},
  title   = {A perovskite oxide optimized for oxygen evolution catalysis from molecular orbital principles},
  journal = {Science},
  year    = {2011},
  volume  = {334},
  number  = {6061},
  pages   = {1383--5},
  doi     = {10.1126/science.1212858},
  type    = {Journal Article},
  url     = {http://www.ncbi.nlm.nih.gov/pubmed/22033519},
}

@Article{Taylor2014,
  author  = {Taylor, Richard H. and Rose, Frisco and Toher, Cormac and Levy, Ohad and Yang, Kesong and Buongiorno Nardelli, Marco and Curtarolo, Stefano},
  title   = {A RESTful {API} for exchanging materials data in the AFLOWLIB.org consortium},
  journal = {Computational Materials Science},
  year    = {2014},
  volume  = {93},
  pages   = {178--192},
  doi     = {10.1016/j.commatsci.2014.05.014},
  type    = {Journal Article},
  url     = {http://linkinghub.elsevier.com/retrieve/pii/S0927025614003322},
}

@Article{Ham2014,
  author  = {van der Ham, Cornelis J. M. and Koper, Marc T. M. and Hetterscheid, Dennis G. H.},
  title   = {Challenges in reduction of dinitrogen by proton and electron transfer},
  journal = {Chemical Society Reviews},
  year    = {2014},
  volume  = {43},
  number  = {15},
  pages   = {5183--5183},
  doi     = {10.1039/C4CS00085D},
  issn    = {0306-0012},
  type    = {Journal Article},
  url     = {http://www.ncbi.nlm.nih.gov/pubmed/24802308\nhttp://xlink.rsc.org/?DOI=C4CS00085D},
}

@Article{Vojvodic2014,
  author  = {Vojvodic, Aleksandra and Medford, Andrew J. and Studt, Felix and Abild-Pedersen, Frank and Khan, Tuhin Suvra and Bligaard, Thomas and N\o{}rskov, Jens K.},
  title   = {Exploring the limits: A low-pressure, low-temperature Haber-Bosch process},
  journal = {Chemical Physics Letters},
  year    = {2014},
  volume  = {598},
  pages   = {108--112},
  doi     = {10.1016/j.cplett.2014.03.003},
  type    = {Journal Article},
  url     = {http://linkinghub.elsevier.com/retrieve/pii/S000926141400147X},
}

@Article{Wang1999,
  author  = {Wang, Chen-Chi and Ying, Jackie Y.},
  title   = {Sol-Gel Synthesis and Hydrothermal Processing of Anatase and Rutile Titania Nanocrystals},
  journal = {Chemistry of Materials},
  year    = {1999},
  volume  = {11},
  number  = {11},
  pages   = {3113--3120},
  doi     = {10.1021/cm990180f},
  issn    = {0897-4756},
  type    = {Journal Article},
}

@Article{Wellendorff2012,
  author  = {Wellendorff, Jess and Lundgaard, Keld T. and M\o{}gelh\o{}j, Andreas and Petzold, Vivien and Landis, David D. and N\o{}rskov, Jens K. and Bligaard, Thomas and Jacobsen, Karsten W.},
  title   = {Density functionals for surface science: Exchange-correlation model development with Bayesian error estimation},
  journal = {Physical Review B},
  year    = {2012},
  volume  = {85},
  number  = {23},
  pages   = {235149--235149},
  doi     = {10.1103/PhysRevB.85.235149},
  type    = {Journal Article},
}

@Article{Wolcott2015,
  author  = {Wolcott, Christopher A. and Medford, Andrew J. and Studt, Felix and Campbell, Charles T.},
  title   = {Degree of rate control approach to computational catalyst screening},
  journal = {Journal of Catalysis},
  year    = {2015},
  volume  = {330},
  pages   = {197--207},
  doi     = {10.1016/j.jcat.2015.07.015},
  type    = {Journal Article},
  url     = {http://linkinghub.elsevier.com/retrieve/pii/S0021951715002353},
}

@Article{Yang2016,
  author  = {Yang, Nuoya and Medford, Andrew J. and Liu, Xinyan and Studt, Felix and Bligaard, Thomas and Bent, Stacey F. and Norskov, Jens K.},
  title   = {On the Intrinsic Selectivity and Structure Sensitivity of Rhodium Catalysts for C2+ Oxygenate Production},
  journal = {Journal of the American Chemical Society},
  year    = {2016},
  pages   = {12087},
  doi     = {10.1021/jacs.5b12087},
  type    = {Journal Article},
}

@Article{Zawadzki2012,
  author  = {Zawadzki, Pawel and Laursen, Anders B. and Jacobsen, Karsten Wedel and Dahl, S\o{}ren and Rossmeisl, Jan},
  title   = {Oxidative trends of TiO2-hole trapping at anatase and rutile surfaces},
  journal = {Energy \& Environmental Science},
  year    = {2012},
  volume  = {5},
  number  = {12},
  pages   = {9866--9866},
  doi     = {10.1039/c2ee22721e},
  type    = {Journal Article},
  url     = {http://xlink.rsc.org/?DOI=c2ee22721e},
}

@Article{Zhu2013,
  author  = {Zhu, Di and Zhang, Linghong and Ruther, Rose E. and Hamers, Robert J.},
  title   = {Photo-illuminated diamond as a solid-state source of solvated electrons in water for nitrogen reduction},
  journal = {Nature Materials},
  year    = {2013},
  volume  = {12},
  number  = {9},
  pages   = {836--841},
  doi     = {10.1038/nmat3696},
  type    = {Journal Article},
  url     = {http://www.ncbi.nlm.nih.gov/pubmed/23812128},
}

@Article{Tamirat_2016,
  author    = {Andebet Gedamu Tamirat and John Rick and Amare Aregahegn Dubale and Wei-Nien Su and Bing-Joe Hwang},
  title     = {{Using hematite for photoelectrochemical water splitting: a review of current progress and challenges}},
  journal   = {Nanoscale Horizons},
  year      = {2016},
  volume    = {1},
  number    = {4},
  pages     = {243--267},
  doi       = {10.1039/c5nh00098j},
  publisher = {Royal Society of Chemistry ({RSC})},
  url       = {http://dx.doi.org/10.1039/C5NH00098J},
}

@Article{oshikiri2016selective,
  author    = {Oshikiri, Tomoya and Ueno, Kosei and Misawa, Hiroaki},
  title     = {{Selective Dinitrogen Conversion to Ammonia Using Water and Visible Light through Plasmon-induced Charge Separation}},
  journal   = {Angewandte Chemie},
  year      = {2016},
  publisher = {Wiley Online Library},
}

@Article{hu2016effect,
  author    = {Hu, Shaozheng and Chen, Xin and Li, Qiang and Zhao, Yanfeng and Mao, Wei},
  title     = {{Effect of sulfur vacancies on the nitrogen photofixation performance of ternary metal sulfide photocatalysts}},
  journal   = {Catalysis Science \& Technology},
  year      = {2016},
  publisher = {Royal Society of Chemistry},
}

@Article{Hu_2016,
  author    = {Shaozheng Hu and Xin Chen and Qiang Li and Yanfeng Zhao and Wei Mao},
  title     = {{Effect of sulfur vacancies on the nitrogen photofixation performance of ternary metal sulfide photocatalysts}},
  journal   = {Catalysis Science \& Technology},
  year      = {2016},
  volume    = {6},
  number    = {15},
  pages     = {5884--5890},
  doi       = {10.1039/c6cy00622a},
  publisher = {Royal Society of Chemistry ({RSC})},
  url       = {http://dx.doi.org/10.1039/c6cy00622a},
}

@Article{Brown_2016,
  author    = {K. A. Brown and D. F. Harris and M. B. Wilker and A. Rasmussen and N. Khadka and H. Hamby and S. Keable and G. Dukovic and J. W. Peters and L. C. Seefeldt and P. W. King},
  title     = {{Light-driven dinitrogen reduction catalyzed by a {CdS}:nitrogenase {MoFe} protein biohybrid}},
  journal   = {Science},
  year      = {2016},
  volume    = {352},
  number    = {6284},
  pages     = {448--450},
  month     = {apr},
  doi       = {10.1126/science.aaf2091},
  publisher = {American Association for the Advancement of Science ({AAAS})},
  url       = {http://dx.doi.org/10.1126/science.aaf2091},
}

@Article{Dong_2015,
  author    = {Guohui Dong and Wingkei Ho and Chuanyi Wang},
  title     = {{Selective photocatalytic N 2 fixation dependent on g-C 3 N 4 induced by nitrogen vacancies}},
  journal   = {Journal of Materials Chemistry A},
  year      = {2015},
  volume    = {3},
  number    = {46},
  pages     = {23435--23441},
  doi       = {10.1039/c5ta06540b},
  publisher = {Royal Society of Chemistry ({RSC})},
  url       = {http://dx.doi.org/10.1039/c5ta06540b},
}

@Article{ran2014earth,
  author    = {Ran, Jingrun and Zhang, Jun and Yu, Jiaguo and Jaroniec, Mietek and Qiao, Shi Zhang},
  title     = {{Earth-abundant cocatalysts for semiconductor-based photocatalytic water splitting}},
  journal   = {Chemical Society Reviews},
  year      = {2014},
  volume    = {43},
  number    = {22},
  pages     = {7787--7812},
  publisher = {Royal Society of Chemistry},
}

@Article{Zhu_2013,
  author    = {Di Zhu and Linghong Zhang and Rose E. Ruther and Robert J. Hamers},
  title     = {{Photo-illuminated diamond as a solid-state source~of solvated electrons in water for nitrogen~reduction}},
  journal   = {Nature Materials},
  year      = {2013},
  volume    = {12},
  number    = {9},
  pages     = {836--841},
  month     = {jun},
  doi       = {10.1038/nmat3696},
  publisher = {Nature Publishing Group},
  url       = {http://dx.doi.org/10.1038/nmat3696},
}

@Article{yuan2013nitrate,
  author    = {Yuan, Shi-Jie and Chen, Jie-Jie and Lin, Zhi-Qi and Li, Wen-Wei and Sheng, Guo-Ping and Yu, Han-Qing},
  title     = {{Nitrate formation from atmospheric nitrogen and oxygen photocatalysed by nano-sized titanium dioxide}},
  journal   = {Nature communications},
  year      = {2013},
  volume    = {4},
  publisher = {Nature Publishing Group},
}

@Article{Koper_2013,
  author    = {Marc T. M. Koper},
  title     = {{Theory of multiple proton{\textendash}electron transfer reactions and its implications for electrocatalysis}},
  journal   = {Chemical Science},
  year      = {2013},
  volume    = {4},
  number    = {7},
  pages     = {2710},
  doi       = {10.1039/c3sc50205h},
  publisher = {Royal Society of Chemistry ({RSC})},
  url       = {http://dx.doi.org/10.1039/C3SC50205H},
}

@Article{Galloway_2013,
  author    = {J. N. Galloway and A. M. Leach and A. Bleeker and J. W. Erisman},
  title     = {{A chronology of human understanding of the nitrogen cycle}},
  journal   = {Philosophical Transactions of the Royal Society B: Biological Sciences},
  year      = {2013},
  volume    = {368},
  number    = {1621},
  pages     = {20130120--20130120},
  month     = {may},
  doi       = {10.1098/rstb.2013.0120},
  publisher = {The Royal Society},
  url       = {http://dx.doi.org/10.1098/rstb.2013.0120},
}

@Article{Fowler_2013,
  author    = {D. Fowler and M. Coyle and U. Skiba and M. A. Sutton and J. N. Cape and S. Reis and L. J. Sheppard and A. Jenkins and B. Grizzetti and J. N. Galloway and P. Vitousek and A. Leach and A. F. Bouwman and K. Butterbach-Bahl and F. Dentener and D. Stevenson and M. Amann and M. Voss},
  title     = {{The global nitrogen cycle in the twenty-first century}},
  journal   = {Philosophical Transactions of the Royal Society B: Biological Sciences},
  year      = {2013},
  volume    = {368},
  number    = {1621},
  pages     = {20130164--20130164},
  month     = {may},
  doi       = {10.1098/rstb.2013.0164},
  publisher = {The Royal Society},
  url       = {http://dx.doi.org/10.1098/rstb.2013.0164},
}

@Article{skulason2012theoretical,
  author    = {Skulason, Egill and Bligaard, Thomas and Gudmundsd{\'o}ttir, Sigr{\'\i}dur and Studt, Felix and Rossmeisl, Jan and Abild-Pedersen, Frank and Vegge, Tejs and J{\'o}nsson, Hannes and N{\o}rskov, Jens K},
  title     = {{A theoretical evaluation of possible transition metal electro-catalysts for N 2 reduction}},
  journal   = {Physical Chemistry Chemical Physics},
  year      = {2012},
  volume    = {14},
  number    = {3},
  pages     = {1235--1245},
  publisher = {Royal Society of Chemistry},
}


@InCollection{Kisch_2011,
  author    = {Horst Kisch},
  title     = {{Nitrogen Photofixation at Nanostructured Iron Titanate Films}},
  booktitle = {Energy Efficiency and Renewable Energy Through Nanotechnology},
  publisher = {Springer Science $+$ Business Media},
  year      = {2011},
  pages     = {585--599},
  doi       = {10.1007/978-0-85729-638-2_17},
  url       = {http://dx.doi.org/10.1007/978-0-85729-638-2_17},
}

@Misc{cccbdb,
  author               = {Johnson, Russell D.},
  title                = {{NIST Computational Chemistry Comparison and Benchmark Database}},
  month                = {aug},
  year                 = {2011},
  abstract             = {{http://cccbdb.nist.gov/}},
  citeulike-article-id = {12455902},
  editor               = {Johnson, Russell D.},
  journal              = {NIST Computational Chemistry Comparison and Benchmark Database},
  posted-at            = {2013-07-01 10:42:21},
}

@Article{SORIA_2010,
  author    = {J. Soria and J. C. Conesa and V. Augugliaro and L. Palmisano and M. Schiavello and A. Sclafani},
  title     = {{Dinitrogen Photoreduction to Ammonia Over Titanium Dioxide Powders Doped with Ferric Ions.}},
  journal   = {ChemInform},
  year      = {2010},
  volume    = {22},
  number    = {13},
  month     = {sep},
  doi       = {10.1002/chin.199113028},
  publisher = {Wiley-Blackwell},
  url       = {http://dx.doi.org/10.1002/chin.199113028},
}

@Article{gomes2010influence,
  author    = {Gomes Silva, Cl\'{a}udia and Ju\'{a}rez, Raquel and Marino, Tiziana and Molinari, Raffaele and Garcia, Hermenegildo},
  title     = {Influence of excitation wavelength (UV or visible light) on the photocatalytic activity of titania containing gold nanoparticles for the generation of hydrogen or oxygen from water},
  journal   = {Journal of the American Chemical Society},
  year      = {2010},
  volume    = {133},
  number    = {3},
  pages     = {595--602},
  publisher = {ACS Publications},
}

@Article{yang2008anatase,
  author    = {Yang, Hua Gui and Sun, Cheng Hua and Qiao, Shi Zhang and Zou, Jin and Liu, Gang and Smith, Sean Campbell and Cheng, Hui Ming and Lu, Gao Qing},
  title     = {{Anatase TiO2 single crystals with a large percentage of reactive facets}},
  journal   = {Nature},
  year      = {2008},
  volume    = {453},
  number    = {7195},
  pages     = {638--641},
  publisher = {Nature Publishing Group},
}

@Article{ertl2008reactions,
  author    = {Ertl, Gerhard},
  title     = {{Reactions at surfaces: From atoms to complexity (Nobel lecture)}},
  journal   = {Angewandte Chemie International Edition},
  year      = {2008},
  volume    = {47},
  number    = {19},
  pages     = {3524--3535},
  publisher = {Wiley Online Library},
}

@Article{Lewis_powerplanet,
  author  = {Nate Lewis},
  title   = {{Powering the Planet}},
  journal = {MRS Bulletin},
  year    = {2007},
  volume  = {32},
  pages   = {808-820},
  issue   = {10},
}

@Article{Abild_Pedersen_2007,
  author    = {F. Abild-Pedersen and J. Greeley and F. Studt and J. Rossmeisl and T. R. Munter and P. G. Moses and E. Sk{\'{u}}lason and T. Bligaard and J. K. N{\o}rskov},
  title     = {{Scaling Properties of Adsorption Energies for Hydrogen-Containing Molecules on Transition-Metal Surfaces}},
  journal   = {Physical Review Letters},
  year      = {2007},
  volume    = {99},
  number    = {1},
  month     = {jul},
  doi       = {10.1103/physrevlett.99.016105},
  publisher = {American Physical Society ({APS})},
  url       = {http://dx.doi.org/10.1103/PhysRevLett.99.016105},
}

@Article{Rusina_2005,
  author    = {Olga Rusina and Wojciech Macyk and Horst Kisch},
  title     = {{Photoelectrochemical Properties of a Dinitrogen-Fixing Iron Titanate Thin Film}},
  journal   = {The Journal of Physical Chemistry B},
  year      = {2005},
  volume    = {109},
  number    = {21},
  pages     = {10858--10862},
  month     = {jun},
  doi       = {10.1021/jp0503314},
  publisher = {American Chemical Society ({ACS})},
  url       = {http://dx.doi.org/10.1021/jp0503314},
}

@Book{smil2004enriching,
  title     = {{Enriching the earth: Fritz Haber, Carl Bosch, and the transformation of world food production}},
  publisher = {MIT press},
  year      = {2004},
  author    = {Smil, Vaclav},
}

@Article{Galloway_2004,
  author    = {J. N. Galloway and F. J. Dentener and D. G. Capone and E. W. Boyer and R. W. Howarth and S. P. Seitzinger and G. P. Asner and C. C. Cleveland and P. A. Green and E. A. Holland and D. M. Karl and A. F. Michaels and J. H. Porter and A. R. Townsend and C. J. V\"{o}osmarty},
  title     = {Nitrogen Cycles: Past Present, and Future},
  journal   = {Biogeochemistry},
  year      = {2004},
  volume    = {70},
  number    = {2},
  pages     = {153--226},
  month     = {sep},
  doi       = {10.1007/s10533-004-0370-0},
  publisher = {Springer Science $+$ Business Media},
  url       = {http://dx.doi.org/10.1007/s10533-004-0370-0},
}

@Article{Rusina_2003,
  author    = {Olga Rusina and Oksana Linnik and Anna Eremenko and Horst Kisch},
  title     = {{Nitrogen Photofixation on Nanostructured Iron Titanate Films}},
  journal   = {Chemistry - A European Journal},
  year      = {2003},
  volume    = {9},
  number    = {2},
  pages     = {561--565},
  month     = {jan},
  doi       = {10.1002/chem.200390059},
  publisher = {Wiley-Blackwell},
  url       = {http://dx.doi.org/10.1002/chem.200390059},
}

@Article{Goebes_2003,
  author    = {Marian Diaz Goebes and Ross Strader and Cliff Davidson},
  title     = {{An ammonia emission inventory for fertilizer application in the United States}},
  journal   = {Atmospheric Environment},
  year      = {2003},
  volume    = {37},
  number    = {18},
  pages     = {2539--2550},
  month     = {jun},
  doi       = {10.1016/s1352-2310(03)00129-8},
  publisher = {Elsevier {BV}},
  url       = {http://dx.doi.org/10.1016/S1352-2310(03)00129-8},
}

@Article{Uekoetter_2002,
  author    = {Frank Uekoetter and Vaclav Smil},
  title     = {Enriching the Earth. Fritz Haber, Carl Bosch, and the Transformation of World Food Production},
  journal   = {Environmental History},
  year      = {2002},
  volume    = {7},
  number    = {3},
  pages     = {532},
  month     = {jul},
  doi       = {10.2307/3985938},
  publisher = {Oxford University Press ({OUP})},
  url       = {http://dx.doi.org/10.2307/3985938},
}

@Article{Rusina_2001,
  author    = {Olga Rusina and Anna Eremenko and Gerhard Frank and Horst P. Strunk and Horst Kisch},
  title     = {{Photofixierung von Stickstoff an nanostrukturierten Eisentitanatfilmen}},
  journal   = {Angewandte Chemie},
  year      = {2001},
  volume    = {113},
  number    = {21},
  pages     = {4115--4117},
  month     = {nov},
  doi       = {10.1002/1521-3757(20011105)113:21<4115::aid-ange4115>3.0.co;2-z},
  publisher = {Wiley-Blackwell},
  url       = {http://dx.doi.org/10.1002/1521-3757(20011105)113:21<4115::aid-ange4115>3.0.co;2-z},
}

@Article{Xu_2000,
  author    = {Yong Xu and Martin A.A. Schoonen},
  title     = {{The absolute energy positions of conduction and valence bands of selected semiconducting minerals}},
  journal   = {American Mineralogist},
  year      = {2000},
  volume    = {85},
  number    = {3-4},
  pages     = {543--556},
  month     = {mar},
  doi       = {10.2138/am-2000-0416},
  publisher = {{GeoScienceWorld}},
  url       = {http://dx.doi.org/10.2138/am-2000-0416},
}

@article{Huang_2001,
	doi = {10.1016/s0584-8547(00)00292-5},
	url = {http://dx.doi.org/10.1016/s0584-8547(00)00292-5},
	year = 2001,
	month = {jan},
	publisher = {Elsevier {BV}},
	volume = {56},
	number = {1},
	pages = {123--128},
	author = {Li-Shing Huang and King-Chuen Lin},
	title = {Detection of iron species using inductively coupled plasma mass spectrometry under cold plasma temperature conditions},
	journal = {Spectrochimica Acta Part B: Atomic Spectroscopy}
}

@misc{wiki_photogeochemistry,
   author = "Wikipedia",
   title = "Photogeochemistry: {W}ikipedia{,} The Free Encyclopedia",
   year = "2004",
   url = "https://en.wikipedia.org/wiki/Photogeochemistry",
 }

@InBook{UllmansHNO3,
  title     = {{Nitric Acid, Nitrous Acid, and Nitrogen Oxides}},
  publisher = {Wiley-VCH Verlag GmbH \& Co. KGaA},
  year      = {2000},
  booktitle = {Ullmann's Encyclopedia of Industrial Chemistry},
  doi       = {10.1002/14356007.a17_293},
  isbn      = {9783527306732},
  url       = {http://dx.doi.org/10.1002/14356007.a17_293},
}

@InBook{UllmansNH3,
  title     = {{Ammonia, 2. Production Processes}},
  publisher = {Wiley-VCH Verlag GmbH \& Co. KGaA},
  year      = {2000},
  booktitle = {Ullmann's Encyclopedia of Industrial Chemistry},
  doi       = {10.1002/14356007.o02_o11},
  isbn      = {9783527306732},
  url       = {http://dx.doi.org/10.1002/14356007.o02_o11},
}

@Article{Smil_1999,
  author    = {Vaclav Smil},
  journal   = {Nature},
  year      = {1999},
  volume    = {400},
  number    = {6743},
  pages     = {415--415},
  month     = {jul},
  doi       = {10.1038/22672},
  publisher = {Nature Publishing Group},
  url       = {http://dx.doi.org/10.1038/22672},
}

@Article{sachs1999big,
  author    = {Sachs, Jeffrey D and Warner, Andrew M},
  title     = {{The big push, natural resource booms and growth}},
  journal   = {Journal of development economics},
  year      = {1999},
  volume    = {59},
  number    = {1},
  pages     = {43--76},
  publisher = {Elsevier},
}

@Article{Ranjit_1997,
  author    = {K.T. Ranjit and B. Viswanathan},
  title     = {{Synthesis characterization and photocatalytic properties of iron-doped {TiO}2 catalysts}},
  journal   = {Journal of Photochemistry and Photobiology A: Chemistry},
  year      = {1997},
  volume    = {108},
  number    = {1},
  pages     = {79--84},
  month     = {jul},
  doi       = {10.1016/s1010-6030(97)00005-1},
  publisher = {Elsevier {BV}},
  url       = {http://dx.doi.org/10.1016/s1010-6030(97)00005-1},
}

@Article{ranjit1996photocatalytic,
  author    = {Ranjit, KT and Varadarajan, TK and Viswanathan, B},
  title     = {{Photocatalytic reduction of dinitrogen to ammonia over noble-metal-loaded TiO 2}},
  journal   = {Journal of Photochemistry and Photobiology A: Chemistry},
  year      = {1996},
  volume    = {96},
  number    = {1},
  pages     = {181--185},
  publisher = {Elsevier},
}
,
   url = {www.citrination.com},
   type = {Web Page}
}

@Article{Howard_1996,
  author    = {James B. Howard and Douglas C. Rees},
  title     = {Structural Basis of Biological Nitrogen Fixation},
  journal   = {Chemical Reviews},
  year      = {1996},
  volume    = {96},
  number    = {7},
  pages     = {2965--2982},
  month     = {jan},
  doi       = {10.1021/cr9500545},
  publisher = {American Chemical Society ({ACS})},
  url       = {http://dx.doi.org/10.1021/cr9500545},
}

@Article{ranjit1995photocatalytic,
  author    = {Ranjit, KT and Varadarajan, T Ki and Viswanathan, B},
  title     = {{Photocatalytic reduction of nitrite and nitrate ions to ammonia on Ru/TiO 2 catalysts}},
  journal   = {Journal of Photochemistry and Photobiology A: Chemistry},
  year      = {1995},
  volume    = {89},
  number    = {1},
  pages     = {67--68},
  publisher = {Elsevier},
}

@Article{Smil_1994,
  author    = {Vaclav Smil},
  title     = {{How Many People Can the Earth Feed?}},
  journal   = {Population and Development Review},
  year      = {1994},
  volume    = {20},
  number    = {2},
  pages     = {255},
  month     = {jun},
  doi       = {10.2307/2137520},
  publisher = {{JSTOR}},
  url       = {http://dx.doi.org/10.2307/2137520},
}

@Article{rao1994photocatalytic,
  author    = {Rao, NN and Dube, Sangeeta and Natarajan, P and others},
  title     = {{Photocatalytic reduction of nitrogen over (Fe, Ru or Os)/TiO2 catalysts}},
  journal   = {Applied Catalysis B: Environmental},
  year      = {1994},
  volume    = {5},
  number    = {1-2},
  pages     = {33--42},
  publisher = {Elsevier},
}

@Article{ranjit1994photocatalytic,
  author    = {Ranjit, KT and Krishnamoorthy, R and Viswanathan, B},
  title     = {{Photocatalytic reduction of nitrite and nitrate on ZnS}},
  journal   = {Journal of Photochemistry and Photobiology A: Chemistry},
  year      = {1994},
  volume    = {81},
  number    = {1},
  pages     = {55--58},
  publisher = {Elsevier},
}

@Article{Tennakone_1993,
  author    = {K. Tennakone and C. T. K. Thaminimulla and W. C. B. Kiridena},
  title     = {{Nitrogen photoreduction by coprecipitated hydrous oxides of samarium({III}) and vanadium({III})}},
  journal   = {Langmuir},
  year      = {1993},
  volume    = {9},
  number    = {3},
  pages     = {723--726},
  month     = {mar},
  doi       = {10.1021/la00027a019},
  publisher = {American Chemical Society ({ACS})},
  url       = {http://dx.doi.org/10.1021/la00027a019},
}

@Article{Sclafani_1993,
  author    = {A. Sclafani and L. Palmisano and M. Schiavello},
  title     = {{N2 photoreduction and phenol and nitrophenol isomers photooxidation as examples of heterogeneous photocatalytic reactions}},
  journal   = {Research on Chemical Intermediates},
  year      = {1993},
  volume    = {18},
  number    = {2},
  pages     = {211--226},
  month     = {jun},
  doi       = {10.1163/156856792x00308},
  publisher = {Springer Science $+$ Business Media},
  url       = {http://dx.doi.org/10.1163/156856792x00308},
}

@Article{palmisano1993concerning,
  author    = {Palmisano, Leonardo and Schiavello, Mario and Sclafani, Antonino},
  title     = {Concerning "An Opinion on the Heterogeneous Photoreduction of N2 with H2O": Second Letter},
  journal   = {Angewandte Chemie International Edition in English},
  year      = {1993},
  volume    = {32},
  number    = {4},
  pages     = {551--551},
  publisher = {Wiley Online Library},
}

@Article{davies1993reply,
  author    = {Davies, Julian A and Edwards, Jimmie G},
  title     = {{Reply: Standards of Demonstration for the Heterogeneous Photoreactions of N2 with H2O}},
  journal   = {Angewandte Chemie International Edition in English},
  year      = {1993},
  volume    = {32},
  number    = {4},
  pages     = {552--553},
  publisher = {Wiley Online Library},
}

@Article{Tennakone_1992a,
  author    = {K. Tennakone and C.T.K. Thaminimulla and J.M.S. Bandara},
  title     = {{Nitrogen photoreduction by vanadium({III})-substituted hydrous ferric oxide}},
  journal   = {Journal of Photochemistry and Photobiology A: Chemistry},
  year      = {1992},
  volume    = {68},
  number    = {2},
  pages     = {131--135},
  month     = {sep},
  doi       = {10.1016/1010-6030(92)85176-u},
  publisher = {Elsevier {BV}},
  url       = {http://dx.doi.org/10.1016/1010-6030(92)85176-u},
}

@Article{Tennakone_1992,
  author    = {K. Tennakone and O.A. Ileperuma and C.T.K. Thaminimulla and J.M.S. Bandara},
  title     = {{Photo-oxidation of nitrogen to nitrite using a composite {ZnO}Fe2O3 catalyst}},
  journal   = {Journal of Photochemistry and Photobiology A: Chemistry},
  year      = {1992},
  volume    = {66},
  number    = {3},
  pages     = {375--378},
  month     = {jun},
  doi       = {10.1016/1010-6030(92)80010-s},
  publisher = {Elsevier {BV}},
  url       = {http://dx.doi.org/10.1016/1010-6030(92)80010-s},
}

@Article{edwards1992opinion,
  author    = {Edwards, Jimmie G and Davies, Julian A and Boucher, David L and Mennad, Abdelkader},
  title     = {{An Opinion on the Heterogeneous Photoreactions of N2 with H2O}},
  journal   = {Angewandte Chemie International Edition in English},
  year      = {1992},
  volume    = {31},
  number    = {4},
  pages     = {480--482},
  publisher = {Wiley Online Library},
}

@Article{butcher1992global,
  author = {Butcher, Samuel S and Orians, Gordon H and Wolfe, Gordon V},
  title  = {{Global Biogeochemical}},
  year   = {1992},
}

@Article{Tennakone_1991,
  author    = {K. Tennakone and O. A. Ileperuma and J. M. S. Bandara and C. T. K. Thaminimulla and U. S. Ketipearachchi},
  title     = {{Simultaneous reductive and oxidative photocatalytic nitrogen fixation in hydrous iron({III}) oxide loaded nation films in aerated water}},
  journal   = {Journal of the Chemical Society Chemical Communications},
  year      = {1991},
  number    = {8},
  pages     = {579},
  doi       = {10.1039/c39910000579},
  publisher = {Royal Society of Chemistry ({RSC})},
  url       = {http://dx.doi.org/10.1039/c39910000579},
}

@Article{Soria_1991,
  author    = {J. Soria and J. C. Conesa and V. Augugliaro and L. Palmisano and M. Schiavello and A. Sclafani},
  title     = {{Dinitrogen photoreduction to ammonia over titanium dioxide powders doped with ferric ions}},
  journal   = {The Journal of Physical Chemistry},
  year      = {1991},
  volume    = {95},
  number    = {1},
  pages     = {274--282},
  month     = {jan},
  doi       = {10.1021/j100154a052},
  publisher = {American Chemical Society ({ACS})},
  url       = {http://dx.doi.org/10.1021/j100154a052},
}

@Book{turner1990earth,
  title     = {{The earth as transformed by human action: global and regional changes in the biosphere over the past 300 years}},
  publisher = {CUP Archive},
  year      = {1990},
  author    = {Turner, Billie Lee},
}

@Article{Tennakone_1989,
  author    = {K. Tennakone and S. Punchihewa and R. Tantrigoda},
  title     = {{Nitrogen photoreduction with cuprous chloride coated hydrous cuprous oxide}},
  journal   = {Solar Energy Materials},
  year      = {1989},
  volume    = {18},
  number    = {3-4},
  pages     = {217--221},
  month     = {mar},
  doi       = {10.1016/0165-1633(89)90055-5},
  publisher = {Elsevier {BV}},
  url       = {http://dx.doi.org/10.1016/0165-1633(89)90055-5},
}

@Article{Bourgeois_1988,
  author    = {S. Bourgeois and D. Diakite and M. Perdereau},
  title     = {{A study of {TiO}2 powders as a support for the photochemical synthesis of ammonia}},
  journal   = {Reactivity of Solids},
  year      = {1988},
  volume    = {6},
  number    = {1},
  pages     = {95--104},
  month     = {oct},
  doi       = {10.1016/0168-7336(88)80048-2},
  publisher = {Elsevier {BV}},
  url       = {http://dx.doi.org/10.1016/0168-7336(88)80048-2},
}

@InCollection{Augugliaro_1988,
  author    = {Vincenzo Augugliaro and Leonardo Palmisano},
  title     = {{Reduction of Dinitrogen to Ammonia in Irradiated Heterogeneous Systems}},
  booktitle = {Photocatalysis and Environment},
  publisher = {Springer Science $+$ Business Media},
  year      = {1988},
  pages     = {425--444},
  doi       = {10.1007/978-94-009-3015-5_15},
  url       = {http://dx.doi.org/10.1007/978-94-009-3015-5_15},
}

@InBook{Schrauzer1986,
  pages     = {509--520},
  title     = {{Photoreduction and -Oxidation of Molecular Nitrogen on Titanium Dioxide and Titanium Containing Minerals}},
  publisher = {Springer Netherlands},
  year      = {1986},
  author    = {Schrauzer, G. N. and Guth, T. D. and Salehi, J. and Strampach, N. and Hui, Liu Nan and Palmer, M. R.},
  editor    = {Pelizzetti, Ezio and Serpone, Nick},
  address   = {Dordrecht},
  booktitle = {Homogeneous and Heterogeneous Photocatalysis},
  doi       = {10.1007/978-94-009-4642-2_29},
  isbn      = {978-94-009-4642-2},
  url       = {http://dx.doi.org/10.1007/978-94-009-4642-2_29},
}

@InCollection{Schiavello_1985,
  author    = {Mario Schiavello and Antonino Sclafani},
  title     = {{Photocataltytic Reactions: An Overview on the Water Splitting and on the Dinitrogen Reduction}},
  booktitle = {Photoelectrochemistry Photocatalysis and Photoreactors},
  publisher = {Springer Science $+$ Business Media},
  year      = {1985},
  pages     = {503--519},
  doi       = {10.1007/978-94-015-7725-0_21},
  url       = {http://dx.doi.org/10.1007/978-94-015-7725-0_21},
}

@Article{Cordischi_1985,
  author    = {D. Cordischi and N. Burriesci and F. D'Alba and M. Petrera and G. Polizzotti and M. Schiavello},
  title     = {Structural characterization of Fe/Ti oxide photocatalysts by X-ray {ESR} and M\"{o}ssbauer methods},
  journal   = {Journal of Solid State Chemistry},
  year      = {1985},
  volume    = {56},
  number    = {2},
  pages     = {182--190},
  month     = {feb},
  doi       = {10.1016/0022-4596(85)90055-6},
  publisher = {Elsevier {BV}},
  url       = {http://dx.doi.org/10.1016/0022-4596(85)90055-6},
}

@Article{grayer1984electrochemical,
  author    = {Grayer, S and Halmann, M},
  title     = {{Electrochemical and photoelectrochemical reduction of molecular nitrogen to ammonia}},
  journal   = {Journal of electroanalytical chemistry and interfacial electrochemistry},
  year      = {1984},
  volume    = {170},
  number    = {1-2},
  pages     = {363--368},
  publisher = {Elsevier},
}

@Article{Radford_1983,
  author    = {Peter P. Radford and Colin G. Francis},
  title     = {{Photoreduction of nitrogen by metal doped titanium dioxide powders: a novel use for metal vapour techniques}},
  journal   = {Journal of the Chemical Society Chemical Communications},
  year      = {1983},
  number    = {24},
  pages     = {1520},
  doi       = {10.1039/c39830001520},
  publisher = {Royal Society of Chemistry ({RSC})},
  url       = {http://dx.doi.org/10.1039/c39830001520},
}
,
}

@Article{AUGUGLIARO_1982,
  author    = {V Augugliaro and A Lauricella and L Rizzuti and M Schiavello and A Sclafani},
  title     = {{Conversion of solar energy to chemical energy by photoassisted processes{\textemdash}I. Preliminary results on ammonia production over doped titanium dioxide catalysts in a fluidized bed reactor}},
  journal   = {International Journal of Hydrogen Energy},
  year      = {1982},
  volume    = {7},
  number    = {11},
  pages     = {845--849},
  doi       = {10.1016/0360-3199(82)90001-5},
  publisher = {Elsevier {BV}},
  url       = {http://dx.doi.org/10.1016/0360-3199(82)90001-5},
}

@Article{AUGUGLIARO_1982a,
  author    = {V Augugliaro and F Dalba and L RizzutiI and M Schiavello and A Sclafani},
  title     = {{Conversion of solar energy to chemical energy by photoassisted processes{\textemdash}{II}. Influence of the iron content on the activity of doped titanium dioxide catalysts for ammonia photoproduction}},
  journal   = {International Journal of Hydrogen Energy},
  year      = {1982},
  volume    = {7},
  number    = {11},
  pages     = {851--855},
  doi       = {10.1016/0360-3199(82)90002-7},
  publisher = {Elsevier {BV}},
  url       = {http://dx.doi.org/10.1016/0360-3199(82)90002-7},
}

@Article{Khan_1981,
  author    = {Fasihullah Khan and Po-Lock Yue and Lucio Rizzuti and Vincenzo Augugliaro and Mario Schiavello},
  title     = {{Photochemical synthesis of ammonia over zeolites}},
  journal   = {Journal of the Chemical Society Chemical Communications},
  year      = {1981},
  number    = {20},
  pages     = {1049},
  doi       = {10.1039/c39810001049},
  publisher = {Royal Society of Chemistry ({RSC})},
  url       = {http://dx.doi.org/10.1039/C39810001049},
}

@InCollection{schrauzer1979nitrogen,
  author    = {Schrauzer, GN and Guth, TD and Palmer, MR and Salehi, J},
  title     = {{Nitrogen reducing solar cells}},
  booktitle = {Solar Energy},
  publisher = {Springer},
  year      = {1979},
  pages     = {261--269},
}

@Misc{schrauzer1978photoreduction,
  author    = {Schrauzer, Gerhard N and Guth, Ted D},
  title     = {{Photoreduction of nitrogen}},
  month     = sep,
  year      = {1978},
  note      = {US Patent 4,113,590},
  publisher = {Google Patents},
}

@article{Bennett_2016,
	doi = {10.1016/j.susc.2016.07.009},
	url = {http://dx.doi.org/10.1016/j.susc.2016.07.009},
	year = 2016,
	month = {dec},
	publisher = {Elsevier {BV}},
	volume = {654},
	pages = {1--7},
	author = {David A. Bennett and Matteo Cargnello and Benjamin T. Diroll and Christopher B. Murray and John M. Vohs},
	title = {Shape-dependence of the thermal and photochemical reactions of methanol on nanocrystalline anatase {TiO}2},
	journal = {Surface Science}
}

@article{Cargnello_2016,
	doi = {10.1073/pnas.1524806113},
	url = {http://dx.doi.org/10.1073/pnas.1524806113},
	year = 2016,
	month = {mar},
	publisher = {Proceedings of the National Academy of Sciences},
	volume = {113},
	number = {15},
	pages = {3966--3971},
	author = {Matteo Cargnello and Tiziano Montini and Sergey Y. Smolin and Jacqueline B. Priebe and Juan J. Delgado Ja{\'{e}}n and Vicky V. T. Doan-Nguyen and Ian S. McKay and Jay A. Schwalbe and Marga-Martina Pohl and Thomas R. Gordon and Yupeng Lu and Jason B. Baxter and Angelika Brückner and Paolo Fornasiero and Christopher B. Murray},
	title = {Engineering titania nanostructure to tune and improve its photocatalytic activity},
	journal = {Proceedings of the National Academy of Sciences}
}

@article{Jauho_2015,
	doi = {10.1103/physrevb.92.115140},
	url = {http://dx.doi.org/10.1103/physrevb.92.115140},
	year = 2015,
	month = {sep},
	publisher = {American Physical Society ({APS})},
	volume = {92},
	number = {11},
	author = {Thomas S. Jauho and Thomas Olsen and Thomas Bligaard and Kristian S. Thygesen},
	title = {Improved description of metal oxide stability: Beyond the random phase approximation with renormalized kernels},
	journal = {Phys. Rev. B}
}

@article{Landmann_2012,
	doi = {10.1088/0953-8984/24/19/195503},
	url = {http://dx.doi.org/10.1088/0953-8984/24/19/195503},
	year = 2012,
	month = {apr},
	publisher = {{IOP} Publishing},
	volume = {24},
	number = {19},
	pages = {195503},
	author = {M Landmann and E Rauls and W G Schmidt},
	title = { The electronic structure and optical response of rutile, anatase and brookite {TiO} 2 },
	journal = {Journal of Physics: Condensed Matter}
}

@article{De_k_2011,
	doi = {10.1103/physrevb.83.155207},
	url = {http://dx.doi.org/10.1103/physrevb.83.155207},
	year = 2011,
	month = {apr},
	publisher = {American Physical Society ({APS})},
	volume = {83},
	number = {15},
	author = {Peter De{\'{a}}k and B{\'{a}}lint Aradi and Thomas Frauenheim},
	title = { Polaronic effects in {TiO}      2     calculated by the {HSE}06 hybrid functional: Dopant passivation by carrier self-trapping },
	journal = {Phys. Rev. B}
}

@article{Macwan_2011,
	doi = {10.1007/s10853-011-5378-y},
	url = {http://dx.doi.org/10.1007/s10853-011-5378-y},
	year = 2011,
	month = {feb},
	publisher = {Springer Science $+$ Business Media},
	volume = {46},
	number = {11},
	pages = {3669--3686},
	author = {D. P. Macwan and Pragnesh N. Dave and Shalini Chaturvedi},
	title = {A review on nano-{TiO}2 sol{\textendash}gel type syntheses and its applications},
	journal = {J Mater Sci}
}

@article{ReyesCoronado2008,
  author={D Reyes-Coronado and G Rodríguez-Gattorno and M E Espinosa-Pesqueira and C Cab and R de Coss and G Oskam},
  title={Phase-pure TiO 2 nanoparticles: anatase, brookite and rutile},
  journal={Nanotechnology},
  volume={19},
  number={14},
  pages={145605},
  url={http://stacks.iop.org/0957-4484/19/i=14/a=145605},
  year={2008},
}

@Article{schrauzer1977photocatalytic,
  author    = {Schrauzer, GN and Guth, TD},
  title     = {{Photocatalytic reactions. 1. Photolysis of water and photoreduction of nitrogen on titanium dioxide}},
  journal   = {Journal of the American Chemical Society},
  year      = {1977},
  volume    = {99},
  number    = {22},
  pages     = {7189--7193},
  publisher = {ACS Publications},
}

@Article{dhar1968fixation,
  author  = {Dhar, NR and Chowdhry, SMITA},
  title   = {{Fixation of nitrogen in presence of pure oxide surfaces by the slow oxidation of energy materials}},
  journal = {Proc Nat Acad Sci India},
  year    = {1968},
  volume  = {38},
  pages   = {485--490},
}

@Article{dhar1951fixation,
  author  = {Dhar, NR and Francis, AM},
  title   = {{Fixation of atmospheric nitrogen under sterile conditions in sand, using different energy materials}},
  journal = {Proc Nat Acad Sci India},
  year    = {1951},
  volume  = {20},
  number  = {A},
  pages   = {112--117},
}

@Article{DHAR_1944,
  author    = {N. R. Dhar and N. N. Pant},
  title     = {{Nitrogen Loss from Soils and Oxide Surfaces}},
  journal   = {Nature},
  year      = {1944},
  volume    = {153},
  number    = {3873},
  pages     = {115--116},
  month     = {jan},
  doi       = {10.1038/153115a0},
  publisher = {Springer Nature},
  url       = {http://dx.doi.org/10.1038/153115a0},
}

@Article{dhar1941new,
  author    = {Dhar, NR and Seshacharyulu, EV and Biswas, NN},
  title     = {{New aspects of nitrogen fixation and loss in soils}},
  year      = {1941},
  publisher = {Calcutta:[sn]},
}

@Article{RAO_1938,
  author    = {G. Gopala Rao and Ch. I. Varadanam},
  title     = {{Photo-ammonification of Organic Nitrogenous Compounds in the Soil}},
  journal   = {Nature},
  year      = {1938},
  volume    = {142},
  number    = {3596},
  pages     = {618--618},
  month     = {oct},
  doi       = {10.1038/142618a0},
  publisher = {Springer Nature},
  url       = {http://dx.doi.org/10.1038/142618a0},
}

@Article{DHAR_1934,
  author    = {N. R. Dhar},
  title     = {{Denitrification in Sunlight}},
  journal   = {Nature},
  year      = {1934},
  volume    = {134},
  number    = {3389},
  pages     = {572--573},
  month     = {oct},
  doi       = {10.1038/134572c0},
  publisher = {Springer Nature},
  url       = {http://dx.doi.org/10.1038/134572c0},
}

@Article{DHAR_1933,
  author    = {N. R. Dhar and A. K. Bhattacharya and N. N. Biswas},
  title     = {{{Photonitrification} {in} {soil}}},
  journal   = {Soil Science},
  year      = {1933},
  volume    = {35},
  number    = {4},
  pages     = {281--284},
  month     = {apr},
  doi       = {10.1097/00010694-193304000-00002},
  publisher = {Ovid Technologies (Wolters Kluwer Health)},
  url       = {http://dx.doi.org/10.1097/00010694-193304000-00002},
}

@Article{DHAR_1932,
  author    = {N. R. Dhar and Atma Ram},
  title     = {{Photoreduction of Carbonic Acid Bicarbonates, and Carbonates to Formaldehyde.}},
  journal   = {Nature},
  year      = {1932},
  volume    = {129},
  number    = {3249},
  pages     = {205--205},
  month     = {feb},
  doi       = {10.1038/129205b0},
  publisher = {Springer Nature},
  url       = {http://dx.doi.org/10.1038/129205b0},
}

@Misc{haber1918method,
  author    = {Haber, Fritz and Leiser, Richard},
  title     = {{Method and apparatus for testing gases.}},
  month     = jun,
  year      = {1918},
  note      = {US Patent 1,269,599},
  publisher = {Google Patents},
}

@Article{lawes1861sources,
  author    = {Lawes, John Bennet and Gilbert, Joseph Henry and Pugh, Evan},
  title     = {{On the sources of the nitrogen of vegetation; with special reference to the question whether plants assimilate free or uncombined nitrogen}},
  journal   = {Philosophical Transactions of the Royal Society of London},
  year      = {1861},
  volume    = {151},
  pages     = {431--577},
  publisher = {The Royal Society},
}

@Article{boussingault186061,
  author  = {Boussingault, Joseph},
  title   = {{61. Agronomie, Chimie Agricole et Physiologie. Ed. 2. Paris}},
  journal = {Ci* ed by},
  year    = {1860},
  pages   = {133--134},
}

@Article{Ali2016,
  author    = {Ali, Muataz and Zhou, Fengling and Chen, Kun and Kotzur, Christopher and Xiao, Changlong and Bourgeois, Laure and Zhang, Xinyi and MacFarlane, Douglas R.},
  title     = {Nanostructured photoelectrochemical solar cell for nitrogen reduction using plasmon-enhanced black silicon},
  journal   = {Nature Communications},
  year      = {2016},
  volume    = {7},
  pages     = {11335},
  doi       = {10.1038/ncomms11335},
  publisher = {Nature Publishing Group},
  type      = {Journal Article},
  url       = {http://www.nature.com/doifinder/10.1038/ncomms11335},
}

@Article{Augugliaro1993,
  author    = {Augugliaro, Vincenzo and Soria, Javier},
  title     = {Concerning "An Opinion on the Heterogeneous Photoreactions of N2 with H2O"},
  journal   = {Angewandte Chemie International Edition},
  year      = {1993},
  volume    = {105},
  number    = {4},
  pages     = {579},
  publisher = {Wiley Online Library},
  type      = {Journal Article},
  url       = {http://dx.doi.org/10.1002/anie.199204801},
}

@Article{Diebold2003,
  author    = {Diebold, Ulrike},
  title     = {The surface science of titanium dioxide},
  journal   = {Surface Science Reports},
  year      = {2003},
  volume    = {48},
  number    = {5-8},
  month     = {jan},
  doi       = {10.1016/S0167-5729(02)00100-0},
  publisher = {Elsevier {BV}},
  type      = {Journal Article},
  url       = {http://linkinghub.elsevier.com/retrieve/pii/S0167572902001000},
}

@Article{Dinh2009,
  author  = {Dinh, Cao-Thang and Nguyen, Thanh-Dinh and Kleitz, Freddy and Do, Trong-On},
  title   = {Shape-Controlled Synthesis of Highly Crystalline Titania Nanocrystals},
  journal = {ACS nano},
  year    = {2009},
  volume  = {3},
  number  = {11},
  pages   = {3737-3743},
  doi     = {10.1021/nn900940p},
  issn    = {1936-0851},
  type    = {Journal Article},
  url     = {http://pubs.acs.org/doi/abs/10.1021/nn900940p},
}

@Article{Edwards1992,
  author    = {Edwards, Jimmie G. and Davies, Julian A. and Boucher, David L. and Mennad, Abdelkader},
  title     = {An Opinion on the Heterogeneous Photoreactions of N2 with H2O},
  journal   = {Angewandte Chemie International Edition},
  year      = {1992},
  volume    = {31},
  number    = {4},
  pages     = {480-482},
  month     = {apr},
  doi       = {10.1002/anie.199204801},
  publisher = {Wiley-Blackwell},
  type      = {Journal Article},
  url       = {http://dx.doi.org/10.1002/anie.199204801},
}

@Article{Endoh1986,
  author    = {Endoh, Eiji and Leland, Jonathan K. and Bard, Allen J.},
  title     = {Heterogeneous photoreduction of nitrogen to ammonia on tungsten oxide},
  journal   = {The Journal of Physical Chemistry},
  year      = {1986},
  volume    = {90},
  number    = {3},
  pages     = {6223-6226},
  doi       = {10.1021/j100281a031},
  publisher = {ACS Publications},
  type      = {Journal Article},
  url       = {http://pubs.acs.org/doi/abs/10.1021/j100281a031},
}

@Article{Li2015,
  author    = {Li, Hao and Shang, Jian and Ai, Zhihui and Zhang, Lizhi},
  title     = {Efficient Visible Light Nitrogen Fixation with BiOBr Nanosheets of Oxygen Vacancies on the Exposed {001} Facets},
  journal   = {Journal of the American Chemical Society},
  year      = {2015},
  volume    = {137},
  number    = {19},
  pages     = {6393-6399},
  doi       = {10.1021/jacs.5b03105},
  publisher = {ACS Publications},
  type      = {Journal Article},
  url       = {http://pubs.acs.org/doi/abs/10.1021/jacs.5b03105},
}

@Article{Linnik2006,
  author    = {Linnik, Oksana and Kisch, Horst},
  title     = {On the mechanism of nitrogen photofixation at nanostructured iron titanate films},
  journal   = {Photochemistry \& Photobiological Sciences},
  year      = {2006},
  volume    = {5},
  number    = {10},
  pages     = {938-942},
  doi       = {10.1039/b608396j},
  publisher = {Royal Society of Chemistry ({RSC})},
  type      = {Journal Article},
  url       = {http://www.ncbi.nlm.nih.gov/pubmed/17019472},
}

@Article{Schrauzer1983,
  author    = {Schrauzer, Gerhard N. and Strampach, Norman and Hui, L. N. and Palmer, Miles R. and Salehi, Jahanshah},
  title     = {Nitrogen photoreduction on desert sands under sterile conditions},
  journal   = {Proceedings of the National Academy of Sciences of the United States of America},
  year      = {1983},
  volume    = {80},
  number    = {12},
  pages     = {3873-3876},
  doi       = {10.1073/pnas.80.12.3873},
  publisher = {National Acad Sciences},
  type      = {Journal Article},
  url       = {http://www.pubmedcentral.nih.gov/articlerender.fcgi?artid=394157&tool=pmcentrez&rendertype=abstract},
}

@Article{Yang2013,
  author    = {Yang, Jinhui and Wang, Donge and Han, Hongxian and Li, Can},
  title     = {Roles of Cocatalysts in Photocatalysis and Photoelectrocatalysis},
  journal   = {Accounts of Chemical Research},
  year      = {2013},
  volume    = {46},
  number    = {8},
  pages     = {1900-1909},
  doi       = {10.1021/ar300227e},
  publisher = {ACS Publications},
  type      = {Journal Article},
  url       = {http://pubs.acs.org/doi/abs/10.1021/ar300227e},
}

@Article{Yuan2013,
  author    = {Yuan, Shi-Jie and Chen, Jie-Jie and Lin, Zhi-Qi and Li, Wen-Wei and Sheng, Guo-Ping and Yu, Han-Qing},
  title     = {Nitrate formation from atmospheric nitrogen and oxygen photocatalysed by nano-sized titanium dioxide},
  journal   = {Nature communications},
  year      = {2013},
  volume    = {4},
  pages     = {2249},
  month     = {jul},
  doi       = {10.1038/ncomms3249},
  publisher = {Nature Publishing Group},
  type      = {Journal Article},
  url       = {http://www.ncbi.nlm.nih.gov/pubmed/23900127},
}

@article{Hedin1965,
  title = {New Method for Calculating the One-Particle Green's Function with Application to the Electron-Gas Problem},
  author = {Hedin, Lars},
  journal = {Phys. Rev.},
  volume = {139},
  issue = {3A},
  pages = {A796--A823},
  numpages = {0},
  year = {1965},
  month = {Aug},
  publisher = {American Physical Society},
  doi = {10.1103/PhysRev.139.A796},
  url = {http://link.aps.org/doi/10.1103/PhysRev.139.A796}
}

@article{Schimka_2010,
	doi = {10.1038/nmat2806},
	url = {http://dx.doi.org/10.1038/nmat2806},
	year = 2010,
	month = {jul},
	publisher = {Springer Nature},
	volume = {9},
	number = {9},
	pages = {741--744},
	author = {L. Schimka and J. Harl and A. Stroppa and A. Grüneis and M. Marsman and F. Mittendorfer and G. Kresse},
	title = {Accurate surface and adsorption energies from many-body perturbation theory},
	journal = {Nature Materials}
}


@article{Salpeter_1951,
	doi = {10.1103/physrev.84.1232},
	url = {http://dx.doi.org/10.1103/physrev.84.1232},
	year = 1951,
	month = {dec},
	publisher = {American Physical Society ({APS})},
	volume = {84},
	number = {6},
	pages = {1232--1242},
	author = {E. E. Salpeter and H. A. Bethe},
	title = {A Relativistic Equation for Bound-State Problems},
	journal = {Phys. Rev.}
}

@article{Runge_1984,
	doi = {10.1103/physrevlett.52.997},
	url = {http://dx.doi.org/10.1103/physrevlett.52.997},
	year = 1984,
	month = {mar},
	publisher = {American Physical Society ({APS})},
	volume = {52},
	number = {12},
	pages = {997--1000},
	author = {Erich Runge and E. K. U. Gross},
	title = {Density-Functional Theory for Time-Dependent Systems},
	journal = {Physical Review Letters}
}

@Article{Oshikiri_2014,
  author    = {Tomoya Oshikiri and Kosei Ueno and Hiroaki Misawa},
  title     = {{Plasmon-Induced Ammonia Synthesis through Nitrogen Photofixation with Visible Light Irradiation}},
  journal   = {Angewandte Chemie},
  year      = {2014},
  volume    = {126},
  number    = {37},
  pages     = {9960--9963},
  month     = {jul},
  doi       = {10.1002/ange.201404748},
  publisher = {Wiley-Blackwell},
  url       = {http://dx.doi.org/10.1002/ange.201404748},
}

@InCollection{Schrauzer_2011,
  author    = {Gerhard N. Schrauzer},
  title     = {{Photoreduction of Nitrogen on {TiO}2 and {TiO}2-Containing Minerals}},
  booktitle = {Energy Efficiency and Renewable Energy Through Nanotechnology},
  publisher = {Springer Science $+$ Business Media},
  year      = {2011},
  pages     = {601--623},
  doi       = {10.1007/978-0-85729-638-2_18},
  url       = {http://dx.doi.org/10.1007/978-0-85729-638-2_18},
}

@Article{yue1983photocatalytic,
  author    = {Yue, PL and Khan, F and Rizzuti, L},
  title     = {{Photocatalytic ammonia synthesis in a fluidised bed reactor}},
  journal   = {Chemical engineering science},
  year      = {1983},
  volume    = {38},
  number    = {11},
  pages     = {1893--1900},
  doi       = {10.1016/0009-2509(83)85045-3},
  publisher = {Elsevier},
  url       = {http://dx.doi.org/10.1016/0009-2509(83)85045-3},
}

@Article{Miyama_1980,
  author    = {Hajime Miyama and Nobuyuki Fujii and Yasushi Nagae},
  title     = {{Heterogeneous photocatalytic synthesis of ammonia from water and nitrogen}},
  journal   = {Chemical Physics Letters},
  year      = {1980},
  volume    = {74},
  number    = {3},
  pages     = {523--524},
  month     = {sep},
  doi       = {10.1016/0009-2614(80)85266-3},
  publisher = {Elsevier {BV}},
  url       = {http://dx.doi.org/10.1016/0009-2614(80)85266-3},
}
@book{spath2000life,
  title={Life cycle assessment of hydrogen production via natural gas steam reforming},
  author={Spath, Pamela L and Mann, Margaret K},
  year={2000},
  publisher={National Renewable Energy Laboratory Golden, CO}
}

@article{Busca_1998,
	doi = {10.1016/s0926-3373(98)00040-x},
	url = {http://dx.doi.org/10.1016/s0926-3373(98)00040-x},
	year = 1998,
	month = {sep},
	publisher = {Elsevier {BV}},
	volume = {18},
	number = {1-2},
	pages = {1--36},
	author = {G Busca},
	title = {Chemical and mechanistic aspects of the selective catalytic reduction of {NOx} by ammonia over oxide catalysts: A review},
	journal = {Applied Catalysis B: Environmental}
}

@Article{BICKLEY_1979,
  author    = {Roger I. Bickley and Venkat Vishwanathan},
  title     = {{Photocatalytically induced fixation of molecular nitrogen by near {UV} radiation}},
  journal   = {Nature},
  year      = {1979},
  volume    = {280},
  number    = {5720},
  pages     = {306--308},
  month     = {jul},
  doi       = {10.1038/280306a0},
  publisher = {Nature Publishing Group},
  url       = {http://dx.doi.org/10.1038/280306a0},
}

@article{rosseler2013chemistry,
  title={Chemistry of NO x on TiO2 Surfaces Studied by Ambient Pressure XPS: Products, Effect of UV Irradiation, Water, and Coadsorbed K+},
  author={Rosseler, Olivier and Sleiman, Mohamad and Montesinos, V Nahuel and Shavorskiy, Andrey and Keller, Valerie and Keller, Nicolas and Litter, Marta I and Bluhm, Hendrik and Salmeron, Miquel and Destaillats, Hugo},
  journal={The journal of physical chemistry letters},
  volume={4},
  number={3},
  pages={536--541},
  year={2013},
  publisher={ACS Publications}
}

@article{rothman1998hitran,
  title={{T}he {HITRAN} molecular spectroscopic database and {HAWKS} ({HITRAN} atmospheric workstation): 1996 edition},
  author={Rothman, Larry S and Rinsland, CP and Goldman, A and Massie, ST and Edwards, DP and Flaud, JM and Perrin, A and Camy-Peyret, C and Dana, V and Mandin, J-Y},
  journal={Journal of Quantitative Spectroscopy and Radiative Transfer},
  volume={60},
  number={5},
  pages={665--710},
  year={1998},
  publisher={Elsevier}
}

@article{Medford_2017,
	doi = {10.1021/acscatal.7b00439},
	url = {https://doi.org/10.1021%2Facscatal.7b00439},
	year = 2017,
	month = {mar},
	publisher = {American Chemical Society ({ACS})},
	pages = {2624--2643},
	author = {Andrew J. Medford and Marta C. Hatzell},
	title = {Photon-Driven Nitrogen Fixation: Current Progress, Thermodynamic Considerations, and Future Outlook},
	journal = {{ACS} Catalysis}
}

@article{Comer_2017,
Author = {Benjamin M. Comer and Andrew J. Medford},
Title = {Analysis of Photocatalytic Nitrogen Fixation on Rutile {TiO$_2$}(110)},
Year = {2017},
journal = {ACS Sustainable Chemistry \& Engineering},
note = {Submitted. Pre-print available at arXiv:1707.03031},
}

@article{Medford_2015a,
	doi = {10.1016/j.jcat.2014.12.033},
	url = {http://dx.doi.org/10.1016/j.jcat.2014.12.033},
	year = 2015,
	month = {aug},
	publisher = {Elsevier {BV}},
	volume = {328},
	pages = {36--42},
	author = {Andrew J. Medford and Aleksandra Vojvodic and Jens S. Hummelsh{\o}j and Johannes Voss and Frank Abild-Pedersen and Felix Studt and Thomas Bligaard and Anders Nilsson and Jens K. N{\o}rskov},
	title = {From the {Sabatier} principle to a predictive theory of transition-metal heterogeneous catalysis},
	journal = {Journal of Catalysis}
}

@Article{Medford_2012,
  author  = {Medford, Andrew J. and Vojvodic, Aleksandra and Studt, Felix and Abild-Pedersen, Frank and N\o{}rskov, Jens K.},
  title   = {Elementary steps of syngas reactions on Mo2{C}(001): Adsorption thermochemistry and bond dissociation},
  journal = {Journal of Catalysis},
  year    = {2012},
  volume  = {290},
  number  = {001},
  pages   = {108--117},
  doi     = {10.1016/j.jcat.2012.03.007},
  type    = {Journal Article},
  url     = {http://linkinghub.elsevier.com/retrieve/pii/S0021951712000796},
}

@Article{Medford_2014a,
  author  = {Medford, Andrew J. and Wellendorff, J. and Vojvodic, A. and Studt, F. and Abild-Pedersen, F. and Jacobsen, K. W. and Bligaard, T. and Norskov, J. K.},
  title   = {Assessing the reliability of calculated catalytic ammonia synthesis rates},
  journal = {Science},
  year    = {2014},
  volume  = {345},
  number  = {6193},
  pages   = {197--200},
  doi     = {10.1126/science.1253486},
  type    = {Journal Article},
}

@Article{Michalsky_2014,
  author  = {Michalsky, Ronald and Zhang, Yin-Jia and Medford, Andrew J. and Peterson, Andrew A.},
  title   = {Departures from the Adsorption Energy Scaling Relations for Metal Carbide Catalysts},
  journal = {The Journal of Physical Chemistry C},
  year    = {2014},
  volume  = {118},
  number  = {24},
  pages   = {13026--13034},
  doi     = {10.1021/jp503756g},
  type    = {Journal Article},
}

@Article{Vojvodic_2014,
  author  = {Vojvodic, Aleksandra and Medford, Andrew J. and Studt, Felix and Abild-Pedersen, Frank and Khan, Tuhin Suvra and Bligaard, Thomas and N\o{}rskov, Jens K.},
  title   = {Exploring the limits: A low-pressure, low-temperature {Haber-Bosch} process},
  journal = {Chemical Physics Letters},
  year    = {2014},
  volume  = {598},
  pages   = {108--112},
  doi     = {10.1016/j.cplett.2014.03.003},
  type    = {Journal Article},
  url     = {http://linkinghub.elsevier.com/retrieve/pii/S000926141400147X},
}

@Article{Wolcott_2015,
  author  = {Wolcott, Christopher A. and Medford, Andrew J. and Studt, Felix and Campbell, Charles T.},
  title   = {Degree of rate control approach to computational catalyst screening},
  journal = {Journal of Catalysis},
  year    = {2015},
  volume  = {330},
  pages   = {197--207},
  doi     = {10.1016/j.jcat.2015.07.015},
  type    = {Journal Article},
  url     = {http://linkinghub.elsevier.com/retrieve/pii/S0021951715002353},
}

@article{Ulissi_2017,
	doi = {10.1038/ncomms14621},
	url = {https://doi.org/10.1038%2Fncomms14621},
	year = 2017,
	month = {mar},
	publisher = {Springer Nature},
	volume = {8},
	pages = {14621},
	author = {Zachary W. Ulissi and Andrew J. Medford and Thomas Bligaard and Jens K. N{\o}rskov},
	title = {To address surface reaction network complexity using scaling relations machine learning and {DFT} calculations},
	journal = {Nature Communications}
}

@Article{Medford_2015,
  author  = {Medford, Andrew J. and Shi, Chuan and Hoffmann, Max J. and Lausche, Adam C. and Fitzgibbon, Sean R. and Bligaard, Thomas and N\o{}rskov, Jens K.},
  title   = {{CatMAP}: A Software Package for Descriptor-Based Microkinetic Mapping of Catalytic Trends},
  journal = {Catalysis Letters},
  year    = {2015},
  doi     = {10.1007/s10562-015-1495-6},
  type    = {Journal Article},
}

@article{Gomberg_2017,
	doi = {10.1016/j.actamat.2017.05.009},
	url = {https://doi.org/10.1016%2Fj.actamat.2017.05.009},
	year = 2017,
	month = {jul},
	publisher = {Elsevier {BV}},
	volume = {133},
	pages = {100--108},
	author = {Joshua A. Gomberg and Andrew J. Medford and Surya R. Kalidindi},
	title = {Extracting knowledge from molecular mechanics simulations of grain boundaries using machine learning},
	journal = {Acta Materialia}
}

@article{Yang_2016,
	doi = {10.1021/jacs.5b12087},
	url = {https://doi.org/10.1021%2Fjacs.5b12087},
	year = 2016,
	month = {mar},
	publisher = {American Chemical Society ({ACS})},
	volume = {138},
	number = {11},
	pages = {3705--3714},
	author = {Nuoya Yang and Andrew J. Medford and Xinyan Liu and Felix Studt and Thomas Bligaard and Stacey F. Bent and Jens K. N{\o}rskov},
	title = {Intrinsic Selectivity and Structure Sensitivity of Rhodium Catalysts for {C$_{2+}$} Oxygenate Production},
	journal = {Journal of the American Chemical Society}
}

@Article{Medford_2014b,
  author  = {Medford, Andrew J. and Sehested, Jens and Rossmeisl, Jan and Chorkendorff, Ib and Studt, Felix and N\o{}rskov, Jens K. and Moses, Poul Georg},
  title   = {Thermochemistry and micro-kinetic analysis of methanol synthesis on {ZnO} (0001)},
  journal = {Journal of Catalysis},
  year    = {2014},
  volume  = {309},
  pages   = {397--407},
  doi     = {10.1016/j.jcat.2013.10.015},
  type    = {Journal Article},
  url     = {http://linkinghub.elsevier.com/retrieve/pii/S0021951713003667},
}

@article{Medford_2012b,
	doi = {10.1016/j.jcat.2012.03.007},
	url = {https://doi.org/10.1016%2Fj.jcat.2012.03.007},
	year = 2012,
	month = {jun},
	publisher = {Elsevier {BV}},
	volume = {290},
	pages = {108--117},
	author = {Andrew J. Medford and Aleksandra Vojvodic and Felix Studt and Frank Abild-Pedersen and Jens K. N{\o}rskov},
	title = {Elementary steps of syngas reactions on Mo2C(001): Adsorption thermochemistry and bond dissociation},
	journal = {Journal of Catalysis}
}

@article{hahn_1982,
  title={The role of fixed nitrogen in atmospheric photochemistry},
  author={Hahn, Jo and Crutzen, Paul Josef},
  journal={Philosophical Transactions of the Royal Society of London. B, Biological Sciences},
  volume={296},
  number={1082},
  pages={521--541},
  year={1982},
  publisher={The Royal Society London}
}


@article{spicer_1977,
  title={Photochemical atmospheric pollutants derived from nitrogen oxides},
  author={Spicer, Chester W},
  journal={Atmospheric Environment (1967)},
  volume={11},
  number={11},
  pages={1089--1095},
  year={1977},
  publisher={Elsevier}
}

@article{makar_2009,
  title={Modelling the impacts of ammonia emissions reductions on North American air quality},
  author={Makar, PA and Moran, MD and Zheng, Q and Cousineau, S and Sassi, M and Duhamel, A and Besner, M and Davignon, D and Crevier, L-P and Bouchet, VS},
  journal={Atmospheric Chemistry and Physics},
  volume={9},
  number={18},
  pages={7183--7212},
  year={2009},
  publisher={Copernicus GmbH}
}

@article{zheng_2005,
  title={Seasonal trends in PM2. 5 source contributions in Beijing, China},
  author={Zheng, Mei and Salmon, Lynn G and Schauer, James J and Zeng, Limin and Kiang, CS and Zhang, Yuanhang and Cass, Glen R},
  journal={Atmospheric Environment},
  volume={39},
  number={22},
  pages={3967--3976},
  year={2005},
  publisher={Elsevier}
}

@article{nowak_2012,
  title={Ammonia sources in the California South Coast Air Basin and their impact on ammonium nitrate formation},
  author={Nowak, JB and Neuman, JA and Bahreini, R and Middlebrook, AM and Holloway, JS and McKeen, SA and Parrish, DD and Ryerson, TB and Trainer, M},
  journal={Geophysical Research Letters},
  volume={39},
  number={7},
  year={2012},
  publisher={Wiley Online Library}
}

@article{anderson_2003,
  title={Airborne reduced nitrogen: ammonia emissions from agriculture and other sources},
  author={Anderson, Natalie and Strader, Ross and Davidson, Cliff},
  journal={Environment International},
  volume={29},
  number={2-3},
  pages={277--286},
  year={2003},
  publisher={Elsevier}
}

@article{reis_2009,
  title={Reactive nitrogen in atmospheric emission inventories},
  author={Reis, Stefan and Pinder, Rob W and Zhang, Meigen and Lijie, G and Sutton, Mark A},
  journal={Atmospheric Chemistry and Physics},
  volume={9},
  number={19},
  pages={7657--7677},
  year={2009},
  publisher={Copernicus GmbH}
}

@article{tran_2012,
  title={Recent advances in hybrid photocatalysts for solar fuel production},
  author={Tran, Phong D and Wong, Lydia H and Barber, James and Loo, Joachim SC},
  journal={Energy \& Environmental Science},
  volume={5},
  number={3},
  pages={5902--5918},
  year={2012},
  publisher={Royal Society of Chemistry}
}
@article{lee_2016,
  title={Recent developments of zinc oxide based photocatalyst in water treatment technology: a review},
  author={Lee, Kian Mun and Lai, Chin Wei and Ngai, Koh Sing and Juan, Joon Ching},
  journal={Water research},
  volume={88},
  pages={428--448},
  year={2016},
  publisher={Elsevier}
}

@article{nakata_2012,
  title={TiO2 photocatalysis: Design and applications},
  author={Nakata, Kazuya and Fujishima, Akira},
  journal={Journal of photochemistry and photobiology C: Photochemistry Reviews},
  volume={13},
  number={3},
  pages={169--189},
  year={2012},
  publisher={Elsevier}
}

@article{gupta_2005,
  title={Synthesis and surface engineering of iron oxide nanoparticles for biomedical applications},
  author={Gupta, Ajay Kumar and Gupta, Mona},
  journal={biomaterials},
  volume={26},
  number={18},
  pages={3995--4021},
  year={2005},
  publisher={Elsevier}
}

@article{chen_2009,
  title={Synthesis, thermal stability and properties of ZnO2 nanoparticles},
  author={Chen, W and Lu, YH and Wang, M and Kroner, L and Paul, H and Fecht, H-J and Bednarcik, J and Stahl, K and Zhang, ZL and Wiedwald, U and others},
  journal={The journal of physical chemistry C},
  volume={113},
  number={4},
  pages={1320--1324},
  year={2009},
  publisher={ACS Publications}
}

@article{makarova_2010,
  title={Soft chemistry preparation methods and properties of strontium titanate nanoparticles},
  author={Makarova, M and Dejneka, A and Franc, J and Drahokoupil, J and Jastrabik, L and Trepakov, V},
  journal={Optical Materials},
  volume={32},
  number={8},
  pages={803--806},
  year={2010},
  publisher={Elsevier}
}